Date,Time,Trading_Symbol,Instrument_Token,LTP,LTQ,Volume,Open_Interest,BestBid,BestAsk,BidSize,AskSize
20/11/2025,08:46:53.482,NIFTY25NOVFUT,9485826,26071.0,75,0,16795500,0.0,0.0,0,0
20/11/2025,09:10:01.668,NIFTY25NOVFUT,9485826,26071.0,75,0,16795500,0.0,0.0,0,0
20/11/2025,09:15:01.183,NIFTY25NOVFUT,9485826,26134.5,75,3675,16795500,26130.0,26134.3,150,375
20/11/2025,09:15:01.457,NIFTY25NOVFUT,9485826,26134.5,75,3675,16795500,26130.0,26134.3,150,375
20/11/2025,09:15:01.905,NIFTY25NOVFUT,9485826,26130.9,150,3675,16795500,26130.0,26134.3,150,375
20/11/2025,09:15:02.187,NIFTY25NOVFUT,9485826,26131.1,75,3675,16795500,26130.0,26134.3,150,375
20/11/2025,09:15:03.182,NIFTY25NOVFUT,9485826,26134.0,225,9825,16795500,26131.0,26138.3,1500,300
20/11/2025,09:15:03.414,NIFTY25NOVFUT,9485826,26137.8,75,9825,16795500,26131.0,26138.3,1500,300
20/11/2025,09:15:03.929,NIFTY25NOVFUT,9485826,26120.2,75,9825,16795500,26131.0,26138.3,1500,300
20/11/2025,09:15:04.147,NIFTY25NOVFUT,9485826,26120.1,75,9825,16795500,26131.0,26138.3,1500,300
20/11/2025,09:15:04.850,NIFTY25NOVFUT,9485826,26113.7,75,18750,16795500,26114.9,26124.0,75,75
20/11/2025,09:15:05.204,NIFTY25NOVFUT,9485826,26126.2,75,18750,16795500,26114.9,26124.0,75,75
20/11/2025,09:15:06.173,NIFTY25NOVFUT,9485826,26122.4,75,25575,16795500,26113.5,26122.6,300,300
20/11/2025,09:15:06.909,NIFTY25NOVFUT,9485826,26118.8,75,25575,16795500,26113.5,26122.6,300,300
20/11/2025,09:15:07.154,NIFTY25NOVFUT,9485826,26127.9,75,25575,16795500,26113.5,26122.6,300,300
20/11/2025,09:15:07.673,NIFTY25NOVFUT,9485826,26123.3,75,33375,16795500,26124.2,26130.0,75,2025
20/11/2025,09:15:07.908,NIFTY25NOVFUT,9485826,26125.1,75,33375,16795500,26124.2,26130.0,75,2025
20/11/2025,09:15:09.175,NIFTY25NOVFUT,9485826,26137.8,75,38400,16795500,26130.1,26137.9,150,150
20/11/2025,09:15:09.406,NIFTY25NOVFUT,9485826,26137.9,75,38475,16795500,26130.1,26137.9,75,300
20/11/2025,09:15:09.946,NIFTY25NOVFUT,9485826,26137.9,150,38475,16795500,26130.1,26137.9,75,300
20/11/2025,09:15:10.182,NIFTY25NOVFUT,9485826,26130.2,75,38475,16795500,26130.1,26137.9,75,300
20/11/2025,09:15:10.949,NIFTY25NOVFUT,9485826,26132.6,75,41625,16795500,26132.6,26138.4,225,75
20/11/2025,09:15:11.165,NIFTY25NOVFUT,9485826,26132.6,75,41625,16795500,26132.5,26138.4,75,75
20/11/2025,09:15:11.433,NIFTY25NOVFUT,9485826,26134.0,75,41625,16795500,26132.5,26138.4,75,75
20/11/2025,09:15:12.418,NIFTY25NOVFUT,9485826,26137.9,75,41625,16795500,26132.5,26138.4,75,75
20/11/2025,09:15:12.716,NIFTY25NOVFUT,9485826,26135.0,75,47550,16795500,26130.0,26136.4,975,75
20/11/2025,09:15:12.952,NIFTY25NOVFUT,9485826,26130.0,150,47550,16795500,26130.0,26136.4,975,75
20/11/2025,09:15:13.182,NIFTY25NOVFUT,9485826,26134.2,75,47550,16795500,26130.0,26136.4,975,75
20/11/2025,09:15:14.149,NIFTY25NOVFUT,9485826,26132.1,75,50025,16795500,26129.3,26132.1,750,150
20/11/2025,09:15:14.430,NIFTY25NOVFUT,9485826,26132.1,75,50025,16795500,26129.3,26132.1,750,150
20/11/2025,09:15:14.993,NIFTY25NOVFUT,9485826,26126.0,75,50025,16795500,26129.3,26132.1,750,150
20/11/2025,09:15:15.181,NIFTY25NOVFUT,9485826,26126.4,75,50025,16795500,26129.3,26132.1,750,150
20/11/2025,09:15:15.928,NIFTY25NOVFUT,9485826,26132.5,75,50025,16795500,26129.3,26132.1,750,150
20/11/2025,09:15:16.168,NIFTY25NOVFUT,9485826,26132.5,150,54225,16795500,26127.3,26130.0,300,150
20/11/2025,09:15:17.178,NIFTY25NOVFUT,9485826,26132.1,75,54225,16795500,26127.3,26130.0,300,150
20/11/2025,09:15:17.765,NIFTY25NOVFUT,9485826,26132.5,75,55950,16795500,26127.3,26133.4,75,75
20/11/2025,09:15:17.891,NIFTY25NOVFUT,9485826,26132.5,75,55950,16795500,26127.3,26133.4,75,75
20/11/2025,09:15:18.496,NIFTY25NOVFUT,9485826,26132.5,75,55950,16795500,26127.3,26133.4,75,75
20/11/2025,09:15:18.924,NIFTY25NOVFUT,9485826,26130.0,75,55950,16795500,26127.3,26133.4,75,75
20/11/2025,09:15:19.208,NIFTY25NOVFUT,9485826,26130.0,300,55950,16795500,26127.3,26133.4,75,75
20/11/2025,09:15:19.428,NIFTY25NOVFUT,9485826,26131.0,75,58125,16795500,26130.0,26132.1,525,1800
20/11/2025,09:15:20.220,NIFTY25NOVFUT,9485826,26132.1,75,58125,16795500,26130.0,26132.1,525,1800
20/11/2025,09:15:21.172,NIFTY25NOVFUT,9485826,26133.6,75,62100,16795500,26132.9,26134.0,225,375
20/11/2025,09:15:22.181,NIFTY25NOVFUT,9485826,26132.2,75,62100,16795500,26132.9,26134.0,225,375
20/11/2025,09:15:22.422,NIFTY25NOVFUT,9485826,26133.5,75,62100,16795500,26132.9,26134.0,225,375
20/11/2025,09:15:22.746,NIFTY25NOVFUT,9485826,26132.7,75,64350,16795500,26132.7,26135.0,450,300
20/11/2025,09:15:23.206,NIFTY25NOVFUT,9485826,26135.0,150,64350,16795500,26132.7,26135.0,450,300
20/11/2025,09:15:24.179,NIFTY25NOVFUT,9485826,26135.0,75,66525,16795500,26135.0,26139.9,3000,75
20/11/2025,09:15:25.605,NIFTY25NOVFUT,9485826,26135.0,75,66525,16795500,26135.0,26139.9,3000,75
20/11/2025,09:15:25.949,NIFTY25NOVFUT,9485826,26135.0,225,70800,16795500,26135.0,26135.6,1275,75
20/11/2025,09:15:26.235,NIFTY25NOVFUT,9485826,26135.0,900,70800,16795500,26135.0,26135.6,1275,75
20/11/2025,09:15:27.208,NIFTY25NOVFUT,9485826,26135.5,75,70800,16795500,26135.0,26135.6,1275,75
20/11/2025,09:15:27.663,NIFTY25NOVFUT,9485826,26135.0,75,73500,16795500,26135.6,26137.0,600,75
20/11/2025,09:15:27.962,NIFTY25NOVFUT,9485826,26135.0,75,73500,16795500,26135.6,26137.0,600,75
20/11/2025,09:15:28.181,NIFTY25NOVFUT,9485826,26138.8,300,73500,16795500,26135.6,26137.0,600,75
20/11/2025,09:15:29.207,NIFTY25NOVFUT,9485826,26137.0,75,73500,16795500,26135.6,26137.0,600,75
20/11/2025,09:15:29.425,NIFTY25NOVFUT,9485826,26139.6,300,77700,16795500,26137.0,26139.3,1125,75
20/11/2025,09:15:30.185,NIFTY25NOVFUT,9485826,26137.0,75,77700,16795500,26137.0,26139.3,1125,75
20/11/2025,09:15:30.922,NIFTY25NOVFUT,9485826,26136.1,75,79650,16795500,26136.1,26139.2,375,75
20/11/2025,09:15:31.218,NIFTY25NOVFUT,9485826,26136.1,75,79650,16795500,26136.1,26139.2,375,75
20/11/2025,09:15:31.568,NIFTY25NOVFUT,9485826,26138.0,75,79650,16795500,26136.1,26139.2,375,75
20/11/2025,09:15:32.541,NIFTY25NOVFUT,9485826,26138.8,75,79650,16795500,26136.1,26139.2,375,75
20/11/2025,09:15:32.972,NIFTY25NOVFUT,9485826,26138.8,75,80850,16795500,26135.6,26138.7,75,75
20/11/2025,09:15:33.543,NIFTY25NOVFUT,9485826,26135.0,75,80850,16795500,26135.6,26138.7,75,75
20/11/2025,09:15:34.161,NIFTY25NOVFUT,9485826,26135.0,75,80850,16795500,26135.6,26138.7,75,75
20/11/2025,09:15:34.276,NIFTY25NOVFUT,9485826,26135.9,75,81750,16795500,26135.1,26136.1,75,900
20/11/2025,09:15:35.409,NIFTY25NOVFUT,9485826,26135.0,75,81750,16795500,26135.1,26136.1,75,900
20/11/2025,09:15:35.956,NIFTY25NOVFUT,9485826,26138.0,75,83400,16795500,26135.1,26138.0,75,75
20/11/2025,09:15:36.459,NIFTY25NOVFUT,9485826,26138.0,75,83400,16795500,26135.1,26138.0,75,75
20/11/2025,09:15:36.944,NIFTY25NOVFUT,9485826,26136.0,75,83400,16795500,26135.1,26138.0,75,75
20/11/2025,09:15:37.495,NIFTY25NOVFUT,9485826,26138.9,150,84675,16795500,26135.5,26139.0,825,75
20/11/2025,09:15:37.676,NIFTY25NOVFUT,9485826,26138.9,150,84675,16795500,26135.8,26139.0,150,75
20/11/2025,09:15:38.221,NIFTY25NOVFUT,9485826,26136.4,75,84675,16795500,26135.8,26139.0,150,75
20/11/2025,09:15:39.187,NIFTY25NOVFUT,9485826,26138.0,75,85875,16795500,26138.0,26140.0,1200,1500
20/11/2025,09:15:40.197,NIFTY25NOVFUT,9485826,26140.0,150,85875,16795500,26138.0,26140.0,1200,1500
20/11/2025,09:15:40.924,NIFTY25NOVFUT,9485826,26138.0,75,86775,16795500,26138.0,26140.0,375,1350
20/11/2025,09:15:41.547,NIFTY25NOVFUT,9485826,26140.0,75,86775,16795500,26138.0,26140.0,375,1350
20/11/2025,09:15:41.932,NIFTY25NOVFUT,9485826,26140.0,75,86775,16795500,26138.0,26140.0,375,1350
20/11/2025,09:15:42.721,NIFTY25NOVFUT,9485826,26140.0,225,89625,16795500,26140.0,26142.5,2925,75
20/11/2025,09:15:42.981,NIFTY25NOVFUT,9485826,26140.0,150,89925,16795500,26140.0,26144.0,2925,2325
20/11/2025,09:15:43.497,NIFTY25NOVFUT,9485826,26140.0,75,89925,16795500,26140.0,26144.0,2925,2325
20/11/2025,09:15:44.186,NIFTY25NOVFUT,9485826,26144.0,150,92400,16795500,26140.0,26143.8,675,75
20/11/2025,09:15:45.044,NIFTY25NOVFUT,9485826,26142.6,75,92400,16795500,26140.0,26143.8,675,75
20/11/2025,09:15:45.195,NIFTY25NOVFUT,9485826,26142.6,75,92400,16795500,26140.0,26143.8,675,75
20/11/2025,09:15:46.386,NIFTY25NOVFUT,9485826,26143.8,75,93225,16795500,26138.0,26144.0,300,2175
20/11/2025,09:15:47.245,NIFTY25NOVFUT,9485826,26140.0,150,93225,16795500,26138.0,26144.0,300,2175
20/11/2025,09:15:47.540,NIFTY25NOVFUT,9485826,26138.3,75,94575,16795500,26138.4,26141.0,150,150
20/11/2025,09:15:47.958,NIFTY25NOVFUT,9485826,26138.4,75,94575,16795500,26138.4,26141.0,150,150
20/11/2025,09:15:48.188,NIFTY25NOVFUT,9485826,26138.4,75,94575,16795500,26138.4,26141.0,150,150
20/11/2025,09:15:49.058,NIFTY25NOVFUT,9485826,26138.0,75,94575,16795500,26138.4,26141.0,150,150
20/11/2025,09:15:49.227,NIFTY25NOVFUT,9485826,26139.0,75,95325,16795500,26138.0,26140.0,375,450
20/11/2025,09:15:50.231,NIFTY25NOVFUT,9485826,26138.0,75,95325,16795500,26138.0,26140.0,375,450
20/11/2025,09:15:50.414,NIFTY25NOVFUT,9485826,26135.9,75,95325,16795500,26138.0,26140.0,375,450
20/11/2025,09:15:51.163,NIFTY25NOVFUT,9485826,26139.9,75,99300,16795500,26139.9,26143.2,75,150
20/11/2025,09:15:51.907,NIFTY25NOVFUT,9485826,26144.0,150,99300,16795500,26139.9,26143.2,75,150
20/11/2025,09:15:52.222,NIFTY25NOVFUT,9485826,26140.0,75,99300,16795500,26139.9,26143.2,75,150
20/11/2025,09:15:52.676,NIFTY25NOVFUT,9485826,26140.0,150,100800,16795500,26137.2,26144.0,300,1725
20/11/2025,09:15:52.968,NIFTY25NOVFUT,9485826,26144.0,375,100800,16795500,26137.2,26144.0,300,1725
20/11/2025,09:15:53.197,NIFTY25NOVFUT,9485826,26139.0,150,100800,16795500,26137.2,26144.0,300,1725
20/11/2025,09:15:54.171,NIFTY25NOVFUT,9485826,26140.0,75,100800,16795500,26137.2,26144.0,300,1725
20/11/2025,09:15:54.731,NIFTY25NOVFUT,9485826,26140.0,675,105225,16795500,26140.0,26141.2,150,75
20/11/2025,09:15:55.157,NIFTY25NOVFUT,9485826,26138.0,375,105225,16795500,26140.0,26141.2,150,75
20/11/2025,09:15:56.217,NIFTY25NOVFUT,9485826,26139.4,75,106575,16795500,26135.0,26138.8,2475,75
20/11/2025,09:15:56.270,NIFTY25NOVFUT,9485826,26135.0,300,106575,16795500,26135.0,26138.8,2475,75
20/11/2025,09:15:57.214,NIFTY25NOVFUT,9485826,26135.0,150,106575,16795500,26135.0,26138.8,2475,75
20/11/2025,09:15:57.645,NIFTY25NOVFUT,9485826,26135.0,150,106575,16795500,26135.0,26138.8,2475,75
20/11/2025,09:15:57.761,NIFTY25NOVFUT,9485826,26138.7,75,107250,16795500,26135.0,26138.6,1950,150
20/11/2025,09:15:58.193,NIFTY25NOVFUT,9485826,26138.5,75,107250,16795500,26135.0,26138.6,1950,150
20/11/2025,09:15:59.410,NIFTY25NOVFUT,9485826,26135.0,450,111825,16795500,26135.0,26136.8,150,75
20/11/2025,09:16:00.401,NIFTY25NOVFUT,9485826,26134.0,150,111825,16795500,26135.0,26136.8,150,75
20/11/2025,09:16:01.709,NIFTY25NOVFUT,9485826,26137.1,75,113325,16795500,26134.2,26139.0,75,75
20/11/2025,09:16:02.264,NIFTY25NOVFUT,9485826,26135.4,75,113325,16795500,26134.2,26139.0,75,75
20/11/2025,09:16:02.748,NIFTY25NOVFUT,9485826,26139.5,150,117150,16795500,26132.7,26139.5,75,300
20/11/2025,09:16:03.186,NIFTY25NOVFUT,9485826,26138.2,75,117150,16800525,26132.7,26139.5,75,300
20/11/2025,09:16:03.460,NIFTY25NOVFUT,9485826,26138.2,75,117150,16800525,26132.7,26139.5,75,300
20/11/2025,09:16:04.254,NIFTY25NOVFUT,9485826,26136.0,75,117150,16800525,26132.7,26139.5,75,300
20/11/2025,09:16:04.663,NIFTY25NOVFUT,9485826,26132.7,75,119325,16800525,26132.6,26134.9,150,450
20/11/2025,09:16:05.708,NIFTY25NOVFUT,9485826,26126.0,75,119325,16800525,26132.6,26134.9,150,450
20/11/2025,09:16:05.949,NIFTY25NOVFUT,9485826,26130.1,75,122100,16800525,26126.0,26129.6,75,75
20/11/2025,09:16:06.767,NIFTY25NOVFUT,9485826,26130.1,75,122100,16800525,26126.0,26129.6,75,75
20/11/2025,09:16:07.314,NIFTY25NOVFUT,9485826,26127.7,75,122100,16800525,26126.0,26129.6,75,75
20/11/2025,09:16:07.588,NIFTY25NOVFUT,9485826,26127.4,75,122100,16800525,26126.0,26129.6,75,75
20/11/2025,09:16:07.950,NIFTY25NOVFUT,9485826,26125.0,75,123900,16800525,26125.0,26126.6,1875,75
20/11/2025,09:16:08.521,NIFTY25NOVFUT,9485826,26125.0,75,123900,16800525,26125.0,26126.6,1875,75
20/11/2025,09:16:08.842,NIFTY25NOVFUT,9485826,26128.6,75,123900,16800525,26125.0,26126.6,1875,75
20/11/2025,09:16:09.375,NIFTY25NOVFUT,9485826,26126.0,75,123900,16800525,26125.0,26126.6,1875,75
20/11/2025,09:16:09.698,NIFTY25NOVFUT,9485826,26126.0,75,126600,16800525,26125.0,26127.8,975,450
20/11/2025,09:16:10.659,NIFTY25NOVFUT,9485826,26123.0,75,126600,16800525,26125.0,26127.8,975,450
20/11/2025,09:16:10.947,NIFTY25NOVFUT,9485826,26124.2,75,129300,16800525,26121.0,26124.4,1650,150
20/11/2025,09:16:11.425,NIFTY25NOVFUT,9485826,26121.0,75,129300,16800525,26121.0,26124.4,1650,150
20/11/2025,09:16:12.173,NIFTY25NOVFUT,9485826,26120.3,75,129300,16800525,26121.0,26124.4,1650,150
20/11/2025,09:16:12.946,NIFTY25NOVFUT,9485826,26121.0,75,131775,16800525,26120.0,26123.7,150,150
20/11/2025,09:16:13.469,NIFTY25NOVFUT,9485826,26120.1,75,131775,16800525,26120.0,26123.7,150,150
20/11/2025,09:16:14.276,NIFTY25NOVFUT,9485826,26124.0,75,131775,16800525,26120.0,26123.7,150,150
20/11/2025,09:16:14.527,NIFTY25NOVFUT,9485826,26124.0,75,131775,16800525,26120.0,26123.7,150,150
20/11/2025,09:16:14.584,NIFTY25NOVFUT,9485826,26124.0,75,132225,16800525,26123.7,26123.8,225,75
20/11/2025,09:16:15.894,NIFTY25NOVFUT,9485826,26116.2,75,132225,16800525,26123.7,26123.8,225,75
20/11/2025,09:16:17.451,NIFTY25NOVFUT,9485826,26120.0,225,133350,16800525,26116.3,26120.0,75,750
20/11/2025,09:16:18.891,NIFTY25NOVFUT,9485826,26116.9,300,133350,16800525,26116.3,26120.0,75,750
20/11/2025,09:16:19.320,NIFTY25NOVFUT,9485826,26116.9,300,133350,16800525,26116.3,26120.0,75,750
20/11/2025,09:16:19.372,NIFTY25NOVFUT,9485826,26120.0,225,135450,16800525,26117.8,26125.0,150,75
20/11/2025,09:16:20.109,NIFTY25NOVFUT,9485826,26117.5,75,135450,16800525,26117.8,26125.0,150,75
20/11/2025,09:16:21.366,NIFTY25NOVFUT,9485826,26115.0,75,135450,16800525,26117.8,26125.0,150,75
20/11/2025,09:16:21.407,NIFTY25NOVFUT,9485826,26120.0,75,138300,16800525,26115.0,26122.6,450,75
20/11/2025,09:16:22.237,NIFTY25NOVFUT,9485826,26120.1,75,138300,16800525,26115.0,26122.6,450,75
20/11/2025,09:16:22.330,NIFTY25NOVFUT,9485826,26115.0,75,138300,16800525,26115.0,26122.6,450,75
20/11/2025,09:16:22.795,NIFTY25NOVFUT,9485826,26120.0,75,140475,16800525,26120.0,26120.4,75,75
20/11/2025,09:16:23.159,NIFTY25NOVFUT,9485826,26120.0,75,140475,16800525,26120.0,26120.4,75,75
20/11/2025,09:16:23.864,NIFTY25NOVFUT,9485826,26120.0,75,140475,16800525,26120.0,26120.4,75,75
20/11/2025,09:16:24.342,NIFTY25NOVFUT,9485826,26116.3,75,140775,16800525,26115.0,26116.3,450,1650
20/11/2025,09:16:24.488,NIFTY25NOVFUT,9485826,26116.3,75,140775,16800525,26115.0,26116.3,450,1650
20/11/2025,09:16:24.750,NIFTY25NOVFUT,9485826,26116.3,75,140775,16800525,26115.0,26116.3,450,1650
20/11/2025,09:16:26.437,NIFTY25NOVFUT,9485826,26115.0,75,141675,16800525,26115.0,26116.3,75,5850
20/11/2025,09:16:27.236,NIFTY25NOVFUT,9485826,26116.3,150,141675,16800525,26115.0,26116.3,75,5850
20/11/2025,09:16:27.527,NIFTY25NOVFUT,9485826,26116.3,975,141675,16800525,26115.0,26116.3,75,5850
20/11/2025,09:16:28.117,NIFTY25NOVFUT,9485826,26116.0,75,146475,16800525,26112.0,26116.3,75,3450
20/11/2025,09:16:29.028,NIFTY25NOVFUT,9485826,26116.3,75,146475,16800525,26112.0,26116.3,75,3450
20/11/2025,09:16:29.224,NIFTY25NOVFUT,9485826,26113.6,75,147900,16800525,26115.0,26116.3,150,2250
20/11/2025,09:16:29.379,NIFTY25NOVFUT,9485826,26115.0,75,147900,16800525,26115.0,26116.3,150,2250
20/11/2025,09:16:29.536,NIFTY25NOVFUT,9485826,26115.0,75,147900,16800525,26115.0,26116.3,150,2250
20/11/2025,09:16:30.426,NIFTY25NOVFUT,9485826,26111.1,75,148275,16800525,26111.1,26112.7,300,75
20/11/2025,09:16:31.133,NIFTY25NOVFUT,9485826,26111.1,75,148275,16800525,26111.1,26112.7,300,75
20/11/2025,09:16:32.323,NIFTY25NOVFUT,9485826,26111.4,75,148425,16800525,26111.1,26112.7,225,75
20/11/2025,09:16:32.792,NIFTY25NOVFUT,9485826,26111.4,75,148425,16800525,26111.1,26112.7,225,75
20/11/2025,09:16:34.158,NIFTY25NOVFUT,9485826,26111.1,150,148425,16800525,26111.1,26112.7,225,75
20/11/2025,09:16:34.560,NIFTY25NOVFUT,9485826,26110.0,75,150000,16800525,26110.0,26115.0,2025,450
20/11/2025,09:16:35.302,NIFTY25NOVFUT,9485826,26112.7,150,150000,16800525,26110.0,26115.0,2025,450
20/11/2025,09:16:36.263,NIFTY25NOVFUT,9485826,26111.4,75,150000,16800525,26110.0,26115.0,2025,450
20/11/2025,09:16:36.534,NIFTY25NOVFUT,9485826,26111.4,75,151725,16800525,26110.0,26115.0,2175,300
20/11/2025,09:16:37.418,NIFTY25NOVFUT,9485826,26110.7,225,151725,16800525,26110.0,26115.0,2175,300
20/11/2025,09:16:38.098,NIFTY25NOVFUT,9485826,26110.4,75,153225,16800525,26110.9,26115.0,75,300
20/11/2025,09:16:38.431,NIFTY25NOVFUT,9485826,26110.4,75,153225,16800525,26110.9,26115.0,75,300
20/11/2025,09:16:39.297,NIFTY25NOVFUT,9485826,26115.0,75,153225,16800525,26110.9,26115.0,75,300
20/11/2025,09:16:39.787,NIFTY25NOVFUT,9485826,26115.0,75,153450,16800525,26111.0,26115.0,675,75
20/11/2025,09:16:41.097,NIFTY25NOVFUT,9485826,26110.0,675,153450,16800525,26111.0,26115.0,675,75
20/11/2025,09:16:41.286,NIFTY25NOVFUT,9485826,26115.0,75,154650,16800525,26110.0,26111.0,1275,150
20/11/2025,09:16:41.820,NIFTY25NOVFUT,9485826,26115.0,75,154650,16800525,26110.0,26111.0,1275,150
20/11/2025,09:16:42.486,NIFTY25NOVFUT,9485826,26115.7,75,154650,16800525,26110.0,26111.0,1275,150
20/11/2025,09:16:42.760,NIFTY25NOVFUT,9485826,26112.0,75,155025,16800525,26110.4,26115.7,75,75
20/11/2025,09:16:43.358,NIFTY25NOVFUT,9485826,26114.3,75,155025,16800525,26110.4,26115.7,75,75
20/11/2025,09:16:43.449,NIFTY25NOVFUT,9485826,26110.0,75,155025,16800525,26110.4,26115.7,75,75
20/11/2025,09:16:43.917,NIFTY25NOVFUT,9485826,26110.0,75,155400,16800525,26110.1,26114.9,300,150
20/11/2025,09:16:44.295,NIFTY25NOVFUT,9485826,26114.9,75,155400,16800525,26110.1,26114.9,300,150
20/11/2025,09:16:45.185,NIFTY25NOVFUT,9485826,26110.0,75,155400,16800525,26110.1,26114.9,300,150
20/11/2025,09:16:45.269,NIFTY25NOVFUT,9485826,26110.0,75,156000,16800525,26110.1,26114.9,300,75
20/11/2025,09:16:45.890,NIFTY25NOVFUT,9485826,26114.9,75,156000,16800525,26110.1,26114.9,300,75
20/11/2025,09:16:46.753,NIFTY25NOVFUT,9485826,26111.0,150,156300,16800525,26110.5,26114.9,750,75
20/11/2025,09:16:47.782,NIFTY25NOVFUT,9485826,26115.0,75,156300,16800525,26110.5,26114.9,750,75
20/11/2025,09:16:47.880,NIFTY25NOVFUT,9485826,26110.0,525,158700,16800525,26110.1,26115.0,300,825
20/11/2025,09:16:48.508,NIFTY25NOVFUT,9485826,26110.1,75,158700,16800525,26110.1,26115.0,300,825
20/11/2025,09:16:50.074,NIFTY25NOVFUT,9485826,26110.0,75,159750,16800525,26110.0,26115.0,2625,1725
20/11/2025,09:16:50.957,NIFTY25NOVFUT,9485826,26115.0,75,159750,16800525,26110.0,26115.0,2625,1725
20/11/2025,09:16:51.521,NIFTY25NOVFUT,9485826,26110.0,75,163050,16800525,26109.0,26112.5,75,75
20/11/2025,09:16:52.415,NIFTY25NOVFUT,9485826,26112.0,75,163050,16800525,26109.0,26112.5,75,75
20/11/2025,09:16:53.042,NIFTY25NOVFUT,9485826,26112.0,75,163350,16800525,26111.2,26114.9,10725,75
20/11/2025,09:16:53.742,NIFTY25NOVFUT,9485826,26111.2,75,163350,16800525,26111.2,26114.9,10725,75
20/11/2025,09:16:54.521,NIFTY25NOVFUT,9485826,26111.0,75,174300,16800525,26109.0,26113.1,75,75
20/11/2025,09:16:54.766,NIFTY25NOVFUT,9485826,26111.0,75,174300,16800525,26110.2,26113.7,75,75
20/11/2025,09:16:55.456,NIFTY25NOVFUT,9485826,26114.6,75,174300,16800525,26110.2,26113.7,75,75
20/11/2025,09:16:55.748,NIFTY25NOVFUT,9485826,26114.6,75,174300,16800525,26110.2,26113.7,75,75
20/11/2025,09:16:56.488,NIFTY25NOVFUT,9485826,26113.7,75,174750,16800525,26110.2,26113.9,75,150
20/11/2025,09:16:57.967,NIFTY25NOVFUT,9485826,26114.4,75,174750,16800525,26111.0,26114.3,225,75
20/11/2025,09:16:58.438,NIFTY25NOVFUT,9485826,26111.0,75,174750,16800525,26111.0,26114.3,225,75
20/11/2025,09:16:59.423,NIFTY25NOVFUT,9485826,26114.9,75,175275,16800525,26114.9,26115.0,1425,1800
20/11/2025,09:16:59.657,NIFTY25NOVFUT,9485826,26114.9,75,175425,16800525,26114.9,26115.0,1275,1800
20/11/2025,09:16:59.951,NIFTY25NOVFUT,9485826,26114.9,75,175425,16800525,26114.9,26115.0,1275,1800
20/11/2025,09:17:00.421,NIFTY25NOVFUT,9485826,26114.9,75,175425,16800525,26114.9,26115.0,1275,1800
20/11/2025,09:17:01.217,NIFTY25NOVFUT,9485826,26114.9,75,176925,16800525,26114.9,26115.0,1125,1800
20/11/2025,09:17:02.491,NIFTY25NOVFUT,9485826,26115.0,75,176925,16800525,26114.9,26115.0,1125,1800
20/11/2025,09:17:02.850,NIFTY25NOVFUT,9485826,26115.0,75,176925,16800525,26114.9,26115.0,1125,1800
20/11/2025,09:17:05.092,NIFTY25NOVFUT,9485826,26115.0,75,177300,16800525,26114.9,26115.0,1125,1500
20/11/2025,09:17:06.433,NIFTY25NOVFUT,9485826,26115.0,150,177300,16800525,26114.9,26115.0,1125,1500
20/11/2025,09:17:08.705,NIFTY25NOVFUT,9485826,26111.0,75,177300,16800525,26114.9,26115.0,1125,1500
20/11/2025,09:17:10.134,NIFTY25NOVFUT,9485826,26111.0,75,179775,16800525,26110.2,26113.9,75,825
20/11/2025,09:17:11.830,NIFTY25NOVFUT,9485826,26114.0,150,179775,16800525,26110.2,26113.9,75,825
20/11/2025,09:17:13.692,NIFTY25NOVFUT,9485826,26115.0,75,180375,16800525,26110.2,26115.0,150,900
20/11/2025,09:17:13.947,NIFTY25NOVFUT,9485826,26115.0,75,180375,16800525,26110.2,26115.0,150,900
20/11/2025,09:17:15.074,NIFTY25NOVFUT,9485826,26110.2,75,180375,16800525,26110.2,26115.0,150,900
20/11/2025,09:17:15.423,NIFTY25NOVFUT,9485826,26111.0,75,180900,16800525,26111.0,26115.0,225,600
20/11/2025,09:17:16.046,NIFTY25NOVFUT,9485826,26111.0,75,180900,16800525,26111.0,26115.0,225,600
20/11/2025,09:17:16.099,NIFTY25NOVFUT,9485826,26111.0,75,180900,16800525,26111.0,26115.0,225,600
20/11/2025,09:17:17.472,NIFTY25NOVFUT,9485826,26115.0,75,181425,16800525,26112.0,26115.0,75,525
20/11/2025,09:17:17.809,NIFTY25NOVFUT,9485826,26115.0,75,181500,16800525,26112.0,26115.0,75,450
20/11/2025,09:17:18.731,NIFTY25NOVFUT,9485826,26110.2,900,181500,16800525,26112.0,26115.0,75,450
20/11/2025,09:17:19.907,NIFTY25NOVFUT,9485826,26115.0,75,184950,16800525,26110.0,26115.8,1275,75
20/11/2025,09:17:21.406,NIFTY25NOVFUT,9485826,26115.8,75,184950,16800525,26110.0,26115.8,1275,75
20/11/2025,09:17:21.920,NIFTY25NOVFUT,9485826,26115.8,75,185100,16800525,26111.0,26116.2,225,300
20/11/2025,09:17:22.280,NIFTY25NOVFUT,9485826,26116.3,150,185100,16800525,26111.0,26116.2,225,300
20/11/2025,09:17:23.275,NIFTY25NOVFUT,9485826,26110.3,150,187725,16800525,26110.5,26116.3,75,1275
20/11/2025,09:17:23.435,NIFTY25NOVFUT,9485826,26110.3,150,187725,16800525,26115.8,26116.3,300,1275
20/11/2025,09:17:23.786,NIFTY25NOVFUT,9485826,26116.3,75,187725,16800525,26115.8,26116.3,300,1275
20/11/2025,09:17:25.120,NIFTY25NOVFUT,9485826,26115.8,75,188100,16800525,26111.0,26116.2,300,300
20/11/2025,09:17:25.743,NIFTY25NOVFUT,9485826,26110.9,75,188100,16800525,26111.0,26116.2,300,300
20/11/2025,09:17:26.123,NIFTY25NOVFUT,9485826,26110.0,75,188100,16800525,26111.0,26116.2,300,300
20/11/2025,09:17:26.394,NIFTY25NOVFUT,9485826,26110.3,75,191925,16800525,26109.0,26110.3,75,150
20/11/2025,09:17:26.665,NIFTY25NOVFUT,9485826,26108.0,75,191925,16800525,26109.0,26110.3,75,150
20/11/2025,09:17:27.288,NIFTY25NOVFUT,9485826,26108.0,75,191925,16800525,26109.0,26110.3,75,150
20/11/2025,09:17:27.681,NIFTY25NOVFUT,9485826,26115.1,75,191925,16800525,26109.0,26110.3,75,150
20/11/2025,09:17:28.009,NIFTY25NOVFUT,9485826,26115.1,75,192825,16800525,26110.3,26112.0,150,75
20/11/2025,09:17:28.737,NIFTY25NOVFUT,9485826,26114.8,75,192825,16800525,26110.3,26112.0,150,75
20/11/2025,09:17:29.500,NIFTY25NOVFUT,9485826,26110.3,75,193500,16800525,26107.4,26114.4,300,675
20/11/2025,09:17:29.590,NIFTY25NOVFUT,9485826,26114.6,75,193500,16800525,26107.4,26114.4,300,675
20/11/2025,09:17:29.991,NIFTY25NOVFUT,9485826,26115.7,75,193500,16800525,26107.4,26114.4,300,675
20/11/2025,09:17:30.492,NIFTY25NOVFUT,9485826,26110.0,75,194250,16800525,26110.0,26115.0,150,150
20/11/2025,09:17:30.747,NIFTY25NOVFUT,9485826,26110.0,75,194250,16800525,26110.0,26115.0,150,150
20/11/2025,09:17:31.297,NIFTY25NOVFUT,9485826,26114.7,75,194250,16800525,26110.0,26115.0,150,150
20/11/2025,09:17:31.469,NIFTY25NOVFUT,9485826,26114.7,75,194250,16800525,26110.0,26115.0,150,150
20/11/2025,09:17:31.746,NIFTY25NOVFUT,9485826,26114.7,75,194475,16800525,26110.0,26114.4,75,225
20/11/2025,09:17:32.888,NIFTY25NOVFUT,9485826,26114.7,75,194625,16800525,26110.0,26114.8,225,75
20/11/2025,09:17:33.217,NIFTY25NOVFUT,9485826,26115.8,150,196425,16800525,26110.0,26115.8,225,750
20/11/2025,09:17:35.338,NIFTY25NOVFUT,9485826,26111.1,75,196425,16800525,26110.0,26115.8,225,750
20/11/2025,09:17:35.827,NIFTY25NOVFUT,9485826,26111.1,75,196725,16800525,26114.8,26115.0,75,75
20/11/2025,09:17:36.722,NIFTY25NOVFUT,9485826,26114.8,75,196725,16800525,26114.8,26115.0,75,75
20/11/2025,09:17:37.025,NIFTY25NOVFUT,9485826,26112.7,75,197700,16800525,26112.6,26114.0,75,75
20/11/2025,09:17:37.818,NIFTY25NOVFUT,9485826,26115.0,75,197700,16800525,26112.6,26114.0,75,75
20/11/2025,09:17:38.367,NIFTY25NOVFUT,9485826,26116.0,75,198375,16800525,26114.6,26116.3,300,1200
20/11/2025,09:17:39.244,NIFTY25NOVFUT,9485826,26115.8,300,198375,16800525,26114.6,26116.3,300,1200
20/11/2025,09:17:39.550,NIFTY25NOVFUT,9485826,26115.8,300,201750,16800525,26116.5,26119.0,75,75
20/11/2025,09:17:39.900,NIFTY25NOVFUT,9485826,26116.6,75,201750,16800525,26116.5,26119.0,75,75
20/11/2025,09:17:40.174,NIFTY25NOVFUT,9485826,26116.5,75,202800,16800525,26116.2,26120.0,75,1200
20/11/2025,09:17:40.283,NIFTY25NOVFUT,9485826,26115.5,75,203100,16800525,26115.0,26116.0,375,225
20/11/2025,09:17:40.802,NIFTY25NOVFUT,9485826,26115.0,75,203100,16800525,26115.0,26116.0,375,225
20/11/2025,09:17:42.152,NIFTY25NOVFUT,9485826,26117.7,75,203400,16800525,26115.0,26117.7,375,75
20/11/2025,09:17:43.011,NIFTY25NOVFUT,9485826,26115.1,75,203400,16800525,26115.0,26117.7,375,75
20/11/2025,09:17:43.217,NIFTY25NOVFUT,9485826,26120.0,75,203850,16800525,26115.0,26120.0,375,900
20/11/2025,09:17:43.580,NIFTY25NOVFUT,9485826,26120.0,75,203850,16800525,26115.0,26120.0,375,900
20/11/2025,09:17:44.601,NIFTY25NOVFUT,9485826,26116.3,75,206025,16800525,26116.4,26120.0,300,825
20/11/2025,09:17:45.259,NIFTY25NOVFUT,9485826,26120.0,75,206025,16800525,26116.4,26120.0,300,825
20/11/2025,09:17:46.434,NIFTY25NOVFUT,9485826,26117.2,75,206325,16800525,26116.6,26120.0,75,600
20/11/2025,09:17:46.884,NIFTY25NOVFUT,9485826,26116.9,75,206325,16800525,26116.6,26120.0,75,600
20/11/2025,09:17:47.307,NIFTY25NOVFUT,9485826,26116.6,75,206700,16800525,26116.3,26120.0,150,375
20/11/2025,09:17:48.033,NIFTY25NOVFUT,9485826,26116.6,75,206700,16800525,26116.3,26120.0,150,375
20/11/2025,09:17:48.571,NIFTY25NOVFUT,9485826,26116.6,75,206925,16800525,26116.6,26120.0,150,300
20/11/2025,09:17:48.712,NIFTY25NOVFUT,9485826,26116.6,75,206925,16800525,26116.6,26120.0,150,300
20/11/2025,09:17:48.845,NIFTY25NOVFUT,9485826,26116.6,75,207000,16800525,26116.6,26120.0,75,375
20/11/2025,09:17:49.056,NIFTY25NOVFUT,9485826,26116.6,75,207000,16800525,26116.6,26120.0,75,375
20/11/2025,09:17:49.314,NIFTY25NOVFUT,9485826,26120.0,75,207000,16800525,26116.6,26120.0,75,375
20/11/2025,09:17:49.511,NIFTY25NOVFUT,9485826,26120.0,75,207075,16800525,26117.2,26120.0,450,375
20/11/2025,09:17:49.715,NIFTY25NOVFUT,9485826,26120.0,75,207075,16800525,26117.2,26120.0,450,375
20/11/2025,09:17:50.173,NIFTY25NOVFUT,9485826,26120.0,75,207075,16800525,26117.2,26120.0,450,375
20/11/2025,09:17:50.812,NIFTY25NOVFUT,9485826,26120.0,75,207525,16800525,26117.7,26120.0,525,150
20/11/2025,09:17:51.327,NIFTY25NOVFUT,9485826,26121.0,75,207525,16800525,26117.7,26120.0,525,150
20/11/2025,09:17:52.032,NIFTY25NOVFUT,9485826,26122.0,75,207975,16800525,26117.2,26122.0,600,75
20/11/2025,09:17:52.513,NIFTY25NOVFUT,9485826,26122.0,75,207975,16800525,26117.2,26122.0,600,75
20/11/2025,09:17:53.107,NIFTY25NOVFUT,9485826,26120.0,75,208200,16800525,26122.0,26123.0,450,75
20/11/2025,09:17:54.246,NIFTY25NOVFUT,9485826,26122.0,75,208200,16800525,26122.0,26123.0,450,75
20/11/2025,09:17:54.843,NIFTY25NOVFUT,9485826,26122.0,375,208650,16800525,26117.3,26123.0,375,75
20/11/2025,09:17:54.926,NIFTY25NOVFUT,9485826,26122.0,375,208650,16800525,26117.3,26123.0,375,75
20/11/2025,09:17:55.815,NIFTY25NOVFUT,9485826,26117.3,75,208650,16800525,26117.3,26123.0,375,75
20/11/2025,09:17:56.034,NIFTY25NOVFUT,9485826,26117.3,75,209100,16800525,26117.2,26122.0,600,75
20/11/2025,09:17:56.700,NIFTY25NOVFUT,9485826,26120.0,150,209100,16800525,26117.2,26122.0,600,75
20/11/2025,09:17:57.552,NIFTY25NOVFUT,9485826,26120.0,75,211200,16800525,26118.0,26120.0,300,75
20/11/2025,09:17:58.209,NIFTY25NOVFUT,9485826,26117.2,75,211200,16800525,26118.0,26120.0,300,75
20/11/2025,09:17:58.302,NIFTY25NOVFUT,9485826,26117.2,75,211200,16800525,26118.0,26120.0,300,75
20/11/2025,09:17:58.459,NIFTY25NOVFUT,9485826,26117.2,75,211725,16800525,26117.2,26120.8,525,75
20/11/2025,09:17:58.764,NIFTY25NOVFUT,9485826,26117.2,225,211725,16800525,26117.2,26120.8,525,75
20/11/2025,09:17:59.946,NIFTY25NOVFUT,9485826,26118.0,75,211950,16800525,26117.2,26118.0,300,150
20/11/2025,09:18:00.172,NIFTY25NOVFUT,9485826,26118.0,75,211950,16800525,26117.2,26118.0,300,150
20/11/2025,09:18:01.206,NIFTY25NOVFUT,9485826,26118.0,75,212325,16800525,26118.0,26119.0,75,75
20/11/2025,09:18:01.652,NIFTY25NOVFUT,9485826,26117.3,75,212325,16800525,26118.0,26119.0,75,75
20/11/2025,09:18:02.706,NIFTY25NOVFUT,9485826,26112.0,75,216150,16800525,26111.1,26112.0,75,525
20/11/2025,09:18:03.616,NIFTY25NOVFUT,9485826,26110.0,75,216150,16800525,26111.1,26112.0,75,525
20/11/2025,09:18:05.695,NIFTY25NOVFUT,9485826,26114.6,75,216150,16800525,26111.1,26112.0,75,525
20/11/2025,09:18:06.267,NIFTY25NOVFUT,9485826,26114.8,75,218700,16800525,26110.0,26114.9,450,450
20/11/2025,09:18:07.997,NIFTY25NOVFUT,9485826,26113.8,75,218700,16800525,26110.0,26114.9,450,450
20/11/2025,09:18:08.773,NIFTY25NOVFUT,9485826,26110.0,75,219225,16800525,26112.4,26113.7,150,75
20/11/2025,09:18:09.169,NIFTY25NOVFUT,9485826,26110.0,75,219225,16800525,26112.4,26114.4,150,75
20/11/2025,09:18:10.970,NIFTY25NOVFUT,9485826,26113.4,75,219225,16800525,26112.4,26114.4,150,75
20/11/2025,09:18:11.447,NIFTY25NOVFUT,9485826,26113.2,75,219525,16800525,26108.1,26113.2,375,150
20/11/2025,09:18:12.307,NIFTY25NOVFUT,9485826,26110.0,75,219525,16800525,26108.1,26113.2,375,150
20/11/2025,09:18:13.242,NIFTY25NOVFUT,9485826,26113.6,75,220500,16800525,26109.7,26114.8,150,150
20/11/2025,09:18:13.829,NIFTY25NOVFUT,9485826,26113.6,75,220500,16800525,26109.7,26114.8,150,150
20/11/2025,09:18:14.947,NIFTY25NOVFUT,9485826,26113.6,75,220500,16800525,26110.4,26113.0,75,150
20/11/2025,09:18:16.005,NIFTY25NOVFUT,9485826,26113.0,150,220500,16800525,26110.4,26113.0,75,150
20/11/2025,09:18:16.302,NIFTY25NOVFUT,9485826,26112.2,75,220500,16800525,26110.4,26113.0,75,150
20/11/2025,09:18:16.717,NIFTY25NOVFUT,9485826,26110.0,75,220500,16800525,26110.4,26113.0,75,150
20/11/2025,09:18:16.867,NIFTY25NOVFUT,9485826,26110.0,75,221025,16800525,26110.0,26113.0,225,150
20/11/2025,09:18:17.300,NIFTY25NOVFUT,9485826,26110.0,75,221025,16800525,26110.0,26113.0,225,150
20/11/2025,09:18:18.088,NIFTY25NOVFUT,9485826,26111.5,75,221850,16800525,26111.6,26115.0,600,150
20/11/2025,09:18:18.302,NIFTY25NOVFUT,9485826,26111.5,75,221850,16800525,26111.6,26115.0,900,150
20/11/2025,09:18:19.022,NIFTY25NOVFUT,9485826,26111.6,75,221850,16800525,26111.6,26115.0,900,150
20/11/2025,09:18:19.069,NIFTY25NOVFUT,9485826,26111.6,75,221850,16800525,26111.6,26115.0,900,150
20/11/2025,09:18:19.959,NIFTY25NOVFUT,9485826,26115.0,75,222375,16800525,26113.5,26115.0,225,150
20/11/2025,09:18:20.340,NIFTY25NOVFUT,9485826,26115.0,75,222375,16800525,26113.5,26115.0,225,150
20/11/2025,09:18:21.090,NIFTY25NOVFUT,9485826,26113.2,75,222600,16800525,26113.1,26115.0,75,75
20/11/2025,09:18:21.340,NIFTY25NOVFUT,9485826,26113.1,75,222600,16800525,26113.1,26115.0,75,75
20/11/2025,09:18:22.482,NIFTY25NOVFUT,9485826,26113.1,75,222675,16800525,26113.1,26115.0,75,75
20/11/2025,09:18:23.813,NIFTY25NOVFUT,9485826,26113.1,75,222900,16800525,26114.0,26115.0,150,75
20/11/2025,09:18:23.893,NIFTY25NOVFUT,9485826,26114.0,150,223050,16800525,26111.8,26113.1,75,1950
20/11/2025,09:18:24.223,NIFTY25NOVFUT,9485826,26113.1,75,223050,16800525,26111.8,26113.1,75,1950
20/11/2025,09:18:25.739,NIFTY25NOVFUT,9485826,26113.1,75,223050,16800525,26111.8,26113.1,75,1950
20/11/2025,09:18:26.339,NIFTY25NOVFUT,9485826,26112.4,150,223425,16800525,26112.4,26113.1,150,1800
20/11/2025,09:18:26.990,NIFTY25NOVFUT,9485826,26113.1,225,223425,16800525,26112.4,26113.1,150,1800
20/11/2025,09:18:28.010,NIFTY25NOVFUT,9485826,26113.2,75,225675,16800525,26113.2,26115.0,150,75
20/11/2025,09:18:28.203,NIFTY25NOVFUT,9485826,26113.2,75,225675,16800525,26113.2,26115.0,150,75
20/11/2025,09:18:28.509,NIFTY25NOVFUT,9485826,26115.0,75,225675,16800525,26113.2,26115.0,150,75
20/11/2025,09:18:28.772,NIFTY25NOVFUT,9485826,26115.0,75,225675,16800525,26113.2,26115.0,150,75
20/11/2025,09:18:29.016,NIFTY25NOVFUT,9485826,26113.7,225,226125,16800525,26113.3,26115.0,75,225
20/11/2025,09:18:29.248,NIFTY25NOVFUT,9485826,26115.0,75,226725,16800525,26113.1,26115.0,75,150
20/11/2025,09:18:30.300,NIFTY25NOVFUT,9485826,26113.2,75,226725,16800525,26113.1,26115.0,75,150
20/11/2025,09:18:30.687,NIFTY25NOVFUT,9485826,26113.3,75,227100,16800525,26113.2,26115.0,75,75
20/11/2025,09:18:31.166,NIFTY25NOVFUT,9485826,26115.0,75,227100,16800525,26113.2,26115.0,75,75
20/11/2025,09:18:31.531,NIFTY25NOVFUT,9485826,26114.9,75,227100,16800525,26113.2,26115.0,75,75
20/11/2025,09:18:32.255,NIFTY25NOVFUT,9485826,26115.0,75,227550,16800525,26113.5,26115.0,75,150
20/11/2025,09:18:32.749,NIFTY25NOVFUT,9485826,26115.0,75,227550,16800525,26113.5,26115.0,75,150
20/11/2025,09:18:32.996,NIFTY25NOVFUT,9485826,26115.0,75,227550,16800525,26113.5,26115.0,75,150
20/11/2025,09:18:33.542,NIFTY25NOVFUT,9485826,26115.0,75,227850,16800525,26113.5,26117.1,75,75
20/11/2025,09:18:33.738,NIFTY25NOVFUT,9485826,26115.0,75,227850,16800525,26113.5,26117.1,75,75
20/11/2025,09:18:34.291,NIFTY25NOVFUT,9485826,26115.0,75,227850,16800525,26113.5,26117.1,75,75
20/11/2025,09:18:34.589,NIFTY25NOVFUT,9485826,26117.1,75,227850,16800525,26113.5,26117.1,75,75
20/11/2025,09:18:35.418,NIFTY25NOVFUT,9485826,26117.1,75,227925,16800525,26113.5,26116.9,75,75
20/11/2025,09:18:35.785,NIFTY25NOVFUT,9485826,26117.1,75,227925,16800525,26113.5,26116.9,75,75
20/11/2025,09:18:36.314,NIFTY25NOVFUT,9485826,26111.5,75,229275,16800525,26111.0,26115.0,150,300
20/11/2025,09:18:37.294,NIFTY25NOVFUT,9485826,26115.0,75,229275,16800525,26111.0,26115.0,150,300
20/11/2025,09:18:38.084,NIFTY25NOVFUT,9485826,26115.0,75,229575,16800525,26111.0,26115.0,75,375
20/11/2025,09:18:38.194,NIFTY25NOVFUT,9485826,26115.0,75,229575,16800525,26111.0,26115.0,75,375
20/11/2025,09:18:39.155,NIFTY25NOVFUT,9485826,26115.0,75,229575,16800525,26111.0,26115.0,75,375
20/11/2025,09:18:39.234,NIFTY25NOVFUT,9485826,26110.3,75,229950,16800525,26110.2,26114.9,75,150
20/11/2025,09:18:39.532,NIFTY25NOVFUT,9485826,26110.3,75,229950,16800525,26110.2,26114.9,75,150
20/11/2025,09:18:40.253,NIFTY25NOVFUT,9485826,26117.1,75,231300,16800525,26111.3,26117.2,300,450
20/11/2025,09:18:40.396,NIFTY25NOVFUT,9485826,26117.1,75,231300,16800525,26111.3,26117.2,300,450
20/11/2025,09:18:40.824,NIFTY25NOVFUT,9485826,26117.1,75,231300,16800525,26111.3,26117.2,300,450
20/11/2025,09:18:41.402,NIFTY25NOVFUT,9485826,26111.3,75,231900,16800525,26111.0,26111.3,75,225
20/11/2025,09:18:42.212,NIFTY25NOVFUT,9485826,26117.5,75,231900,16800525,26111.0,26111.3,75,225
20/11/2025,09:18:43.181,NIFTY25NOVFUT,9485826,26110.6,150,233625,16800525,26110.7,26115.0,375,450
20/11/2025,09:18:44.262,NIFTY25NOVFUT,9485826,26110.6,150,234675,16800525,26111.3,26115.0,75,675
20/11/2025,09:18:44.966,NIFTY25NOVFUT,9485826,26110.6,150,234675,16800525,26111.6,26115.0,225,675
20/11/2025,09:18:45.679,NIFTY25NOVFUT,9485826,26115.0,150,234675,16800525,26111.6,26115.0,225,675
20/11/2025,09:18:46.014,NIFTY25NOVFUT,9485826,26115.0,75,234900,16800525,26111.3,26115.0,375,825
20/11/2025,09:18:46.270,NIFTY25NOVFUT,9485826,26115.0,75,234900,16800525,26111.6,26115.0,525,825
20/11/2025,09:18:47.441,NIFTY25NOVFUT,9485826,26115.0,150,234900,16800525,26111.6,26115.0,525,825
20/11/2025,09:18:47.772,NIFTY25NOVFUT,9485826,26115.0,150,235050,16800525,26112.0,26115.0,75,975
20/11/2025,09:18:47.934,NIFTY25NOVFUT,9485826,26115.0,150,235050,16800525,26112.0,26115.0,75,975
20/11/2025,09:18:48.429,NIFTY25NOVFUT,9485826,26115.0,150,235050,16800525,26112.0,26115.0,75,975
20/11/2025,09:18:49.673,NIFTY25NOVFUT,9485826,26110.0,225,236400,16800525,26111.9,26114.8,75,225
20/11/2025,09:18:50.912,NIFTY25NOVFUT,9485826,26114.8,75,236700,16800525,26113.0,26114.8,75,525
20/11/2025,09:18:51.456,NIFTY25NOVFUT,9485826,26114.8,75,236850,16800525,26112.1,26114.8,300,675
20/11/2025,09:18:52.157,NIFTY25NOVFUT,9485826,26114.8,75,236850,16800525,26112.1,26114.8,300,675
20/11/2025,09:18:52.969,NIFTY25NOVFUT,9485826,26114.8,75,237000,16800525,26112.0,26114.7,75,150
20/11/2025,09:18:53.204,NIFTY25NOVFUT,9485826,26112.0,75,237000,16800525,26112.0,26114.7,75,150
20/11/2025,09:18:54.174,NIFTY25NOVFUT,9485826,26114.7,75,237000,16800525,26112.0,26114.7,75,150
20/11/2025,09:18:54.708,NIFTY25NOVFUT,9485826,26114.7,75,237225,16800525,26112.1,26114.7,300,450
20/11/2025,09:18:55.524,NIFTY25NOVFUT,9485826,26111.8,150,237225,16800525,26112.1,26114.7,300,450
20/11/2025,09:18:55.706,NIFTY25NOVFUT,9485826,26112.0,75,237225,16800525,26112.1,26114.7,300,450
20/11/2025,09:18:55.987,NIFTY25NOVFUT,9485826,26112.0,75,237900,16800525,26112.1,26114.7,300,1725
20/11/2025,09:18:56.172,NIFTY25NOVFUT,9485826,26112.0,75,237900,16800525,26112.1,26114.7,300,1725
20/11/2025,09:18:56.499,NIFTY25NOVFUT,9485826,26114.3,75,237900,16800525,26112.1,26114.7,300,1725
20/11/2025,09:18:57.231,NIFTY25NOVFUT,9485826,26114.7,75,237900,16800525,26112.1,26114.7,300,1725
20/11/2025,09:18:57.400,NIFTY25NOVFUT,9485826,26114.7,75,237900,16800525,26112.1,26114.7,300,1725
20/11/2025,09:18:58.041,NIFTY25NOVFUT,9485826,26114.7,75,238800,16800525,26112.7,26114.6,75,225
20/11/2025,09:18:58.163,NIFTY25NOVFUT,9485826,26114.7,75,238800,16800525,26112.7,26114.6,75,225
20/11/2025,09:18:59.159,NIFTY25NOVFUT,9485826,26112.7,75,238800,16800525,26112.7,26114.6,75,225
20/11/2025,09:18:59.410,NIFTY25NOVFUT,9485826,26112.7,75,238875,16800525,26112.0,26114.6,225,375
20/11/2025,09:19:00.446,NIFTY25NOVFUT,9485826,26114.6,75,238875,16800525,26112.0,26114.6,225,375
20/11/2025,09:19:01.428,NIFTY25NOVFUT,9485826,26111.0,75,239175,16800525,26111.0,26114.6,300,675
20/11/2025,09:19:01.737,NIFTY25NOVFUT,9485826,26111.0,75,239175,16800525,26111.0,26114.6,300,675
20/11/2025,09:19:02.718,NIFTY25NOVFUT,9485826,26111.0,75,239175,16800525,26111.0,26114.6,300,675
20/11/2025,09:19:03.108,NIFTY25NOVFUT,9485826,26113.4,75,239625,16800525,26109.0,26112.4,150,75
20/11/2025,09:19:03.304,NIFTY25NOVFUT,9485826,26113.4,75,239625,16800525,26109.0,26112.4,150,150
20/11/2025,09:19:03.803,NIFTY25NOVFUT,9485826,26113.4,75,239625,16800525,26109.0,26112.4,150,150
20/11/2025,09:19:05.334,NIFTY25NOVFUT,9485826,26113.4,75,239625,16800525,26110.0,26112.4,150,600
20/11/2025,09:19:06.564,NIFTY25NOVFUT,9485826,26110.0,75,239625,16797225,26110.0,26112.4,150,600
20/11/2025,09:19:07.687,NIFTY25NOVFUT,9485826,26114.7,75,240825,16797225,26110.3,26114.6,300,525
20/11/2025,09:19:09.000,NIFTY25NOVFUT,9485826,26114.7,75,240825,16797225,26110.3,26114.6,300,525
20/11/2025,09:19:09.165,NIFTY25NOVFUT,9485826,26111.0,300,240825,16797225,26110.3,26114.6,300,525
20/11/2025,09:19:09.891,NIFTY25NOVFUT,9485826,26110.6,75,244575,16797225,26111.6,26114.6,525,225
20/11/2025,09:19:09.914,NIFTY25NOVFUT,9485826,26113.9,75,244575,16797225,26111.6,26114.6,525,225
20/11/2025,09:19:10.194,NIFTY25NOVFUT,9485826,26113.9,75,244575,16797225,26111.6,26114.6,525,225
20/11/2025,09:19:10.673,NIFTY25NOVFUT,9485826,26114.6,75,244575,16797225,26111.6,26114.6,525,225
20/11/2025,09:19:10.797,NIFTY25NOVFUT,9485826,26114.6,75,244950,16797225,26113.6,26114.6,300,75
20/11/2025,09:19:11.598,NIFTY25NOVFUT,9485826,26114.6,75,244950,16797225,26113.6,26114.6,300,75
20/11/2025,09:19:12.266,NIFTY25NOVFUT,9485826,26113.4,75,245475,16797225,26113.3,26118.0,300,225
20/11/2025,09:19:13.855,NIFTY25NOVFUT,9485826,26118.0,75,245550,16797225,26113.2,26118.0,300,375
20/11/2025,09:19:14.388,NIFTY25NOVFUT,9485826,26112.4,75,245550,16797225,26113.2,26118.0,300,375
20/11/2025,09:19:15.215,NIFTY25NOVFUT,9485826,26113.3,75,245925,16797225,26112.5,26113.3,300,75
20/11/2025,09:19:17.993,NIFTY25NOVFUT,9485826,26112.2,75,245925,16797225,26112.5,26113.3,300,75
20/11/2025,09:19:19.324,NIFTY25NOVFUT,9485826,26113.3,75,246150,16797225,26112.6,26113.3,600,375
20/11/2025,09:19:21.225,NIFTY25NOVFUT,9485826,26113.3,675,246150,16797225,26112.6,26113.3,600,375
20/11/2025,09:19:21.910,NIFTY25NOVFUT,9485826,26113.9,75,248100,16797225,26113.2,26113.9,300,1800
20/11/2025,09:19:22.180,NIFTY25NOVFUT,9485826,26113.9,75,248100,16797225,26113.2,26113.9,300,1800
20/11/2025,09:19:22.780,NIFTY25NOVFUT,9485826,26113.0,150,248100,16797225,26113.2,26113.9,300,1800
20/11/2025,09:19:23.176,NIFTY25NOVFUT,9485826,26113.9,75,248100,16797225,26113.2,26113.9,300,1800
20/11/2025,09:19:23.624,NIFTY25NOVFUT,9485826,26113.9,75,248400,16797225,26113.3,26113.9,75,1650
20/11/2025,09:19:24.098,NIFTY25NOVFUT,9485826,26113.3,75,248400,16797225,26113.3,26113.9,75,1650
20/11/2025,09:19:24.532,NIFTY25NOVFUT,9485826,26113.2,75,248775,16797225,26112.6,26113.9,375,1575
20/11/2025,09:19:24.787,NIFTY25NOVFUT,9485826,26113.9,75,248775,16797225,26112.6,26113.9,375,1575
20/11/2025,09:19:25.622,NIFTY25NOVFUT,9485826,26113.9,1425,248775,16797225,26112.6,26113.9,375,1575
20/11/2025,09:19:25.736,NIFTY25NOVFUT,9485826,26113.9,1425,250500,16797225,26113.4,26115.0,450,75
20/11/2025,09:19:25.854,NIFTY25NOVFUT,9485826,26115.0,75,250575,16797225,26113.5,26117.0,375,75
20/11/2025,09:19:26.156,NIFTY25NOVFUT,9485826,26115.0,75,250575,16797225,26113.5,26117.0,375,75
20/11/2025,09:19:27.013,NIFTY25NOVFUT,9485826,26113.9,75,250575,16797225,26113.5,26117.0,375,75
20/11/2025,09:19:27.275,NIFTY25NOVFUT,9485826,26115.0,450,251100,16797225,26114.1,26117.0,300,450
20/11/2025,09:19:28.090,NIFTY25NOVFUT,9485826,26115.0,75,251100,16797225,26114.1,26117.0,300,450
20/11/2025,09:19:28.832,NIFTY25NOVFUT,9485826,26113.9,75,251250,16797225,26113.4,26117.0,75,975
20/11/2025,09:19:30.225,NIFTY25NOVFUT,9485826,26113.9,75,251250,16797225,26113.9,26116.9,600,1050
20/11/2025,09:19:30.602,NIFTY25NOVFUT,9485826,26113.9,75,251250,16797225,26114.2,26116.9,225,900
20/11/2025,09:19:30.786,NIFTY25NOVFUT,9485826,26114.1,225,251250,16797225,26114.2,26116.9,225,900
20/11/2025,09:19:31.122,NIFTY25NOVFUT,9485826,26116.8,75,251250,16797225,26114.2,26116.9,225,900
20/11/2025,09:19:31.559,NIFTY25NOVFUT,9485826,26116.8,75,251775,16797225,26114.1,26116.8,75,450
20/11/2025,09:19:31.809,NIFTY25NOVFUT,9485826,26115.0,75,251775,16797225,26114.1,26116.8,75,450
20/11/2025,09:19:32.494,NIFTY25NOVFUT,9485826,26114.1,75,251775,16797225,26114.1,26116.8,75,450
20/11/2025,09:19:33.630,NIFTY25NOVFUT,9485826,26116.6,75,252000,16797225,26114.6,26116.6,750,300
20/11/2025,09:19:35.037,NIFTY25NOVFUT,9485826,26116.9,75,252000,16797225,26114.6,26116.6,750,300
20/11/2025,09:19:35.609,NIFTY25NOVFUT,9485826,26114.5,300,256875,16797225,26114.4,26118.0,150,225
20/11/2025,09:19:36.087,NIFTY25NOVFUT,9485826,26114.5,300,256875,16797225,26114.4,26118.0,150,225
20/11/2025,09:19:37.247,NIFTY25NOVFUT,9485826,26114.5,300,256875,16797225,26114.8,26118.0,300,225
20/11/2025,09:19:37.473,NIFTY25NOVFUT,9485826,26115.1,75,256875,16797225,26114.8,26118.0,300,225
20/11/2025,09:19:38.182,NIFTY25NOVFUT,9485826,26118.0,75,256875,16797225,26114.8,26118.0,300,225
20/11/2025,09:19:39.107,NIFTY25NOVFUT,9485826,26115.6,75,257175,16797225,26115.4,26118.0,300,75
20/11/2025,09:19:39.954,NIFTY25NOVFUT,9485826,26115.6,75,257175,16797225,26115.0,26118.0,75,75
20/11/2025,09:19:40.273,NIFTY25NOVFUT,9485826,26115.0,75,257175,16797225,26115.0,26118.0,75,75
20/11/2025,09:19:41.256,NIFTY25NOVFUT,9485826,26118.0,75,257400,16797225,26115.0,26119.0,75,750
20/11/2025,09:19:41.399,NIFTY25NOVFUT,9485826,26118.0,75,257400,16797225,26115.0,26119.0,75,750
20/11/2025,09:19:41.535,NIFTY25NOVFUT,9485826,26115.6,75,257400,16797225,26115.0,26119.0,75,750
20/11/2025,09:19:42.114,NIFTY25NOVFUT,9485826,26116.0,75,257625,16797225,26115.5,26117.3,150,75
20/11/2025,09:19:42.794,NIFTY25NOVFUT,9485826,26114.0,75,257625,16797225,26115.5,26117.3,150,75
20/11/2025,09:19:43.148,NIFTY25NOVFUT,9485826,26117.3,75,258150,16797225,26114.6,26116.0,1050,75
20/11/2025,09:19:43.718,NIFTY25NOVFUT,9485826,26117.3,75,258150,16797225,26114.6,26116.0,1050,75
20/11/2025,09:19:44.777,NIFTY25NOVFUT,9485826,26116.2,150,258150,16797225,26114.6,26116.0,1050,75
20/11/2025,09:19:45.076,NIFTY25NOVFUT,9485826,26118.0,75,259275,16797225,26116.0,26119.0,75,225
20/11/2025,09:19:45.979,NIFTY25NOVFUT,9485826,26119.0,75,259275,16797225,26116.0,26119.0,75,225
20/11/2025,09:19:46.785,NIFTY25NOVFUT,9485826,26118.0,225,259950,16797225,26118.2,26118.9,150,150
20/11/2025,09:19:47.873,NIFTY25NOVFUT,9485826,26118.0,150,259950,16797225,26118.2,26118.9,150,150
20/11/2025,09:19:48.050,NIFTY25NOVFUT,9485826,26118.0,150,259950,16797225,26118.2,26118.9,150,150
20/11/2025,09:19:48.347,NIFTY25NOVFUT,9485826,26118.0,150,260850,16797225,26118.0,26118.9,225,375
20/11/2025,09:19:48.742,NIFTY25NOVFUT,9485826,26117.3,75,260850,16797225,26118.0,26118.9,225,375
20/11/2025,09:19:49.232,NIFTY25NOVFUT,9485826,26118.0,75,261375,16797225,26118.0,26118.8,75,1950
20/11/2025,09:19:49.681,NIFTY25NOVFUT,9485826,26118.0,75,261375,16797225,26118.0,26118.8,75,1650
20/11/2025,09:19:50.472,NIFTY25NOVFUT,9485826,26118.0,75,261375,16797225,26118.0,26118.8,75,1650
20/11/2025,09:19:51.159,NIFTY25NOVFUT,9485826,26118.6,150,261675,16797225,26118.0,26118.6,150,225
20/11/2025,09:19:52.745,NIFTY25NOVFUT,9485826,26118.6,75,262875,16797225,26118.6,26118.7,75,150
20/11/2025,09:19:53.508,NIFTY25NOVFUT,9485826,26116.2,75,262875,16797225,26118.6,26118.7,75,150
20/11/2025,09:19:54.495,NIFTY25NOVFUT,9485826,26116.2,75,263100,16797225,26116.0,26118.6,75,225
20/11/2025,09:19:54.968,NIFTY25NOVFUT,9485826,26116.0,75,263100,16797225,26116.0,26118.6,75,225
20/11/2025,09:19:55.918,NIFTY25NOVFUT,9485826,26116.0,75,263400,16797225,26115.3,26116.0,75,1800
20/11/2025,09:19:56.491,NIFTY25NOVFUT,9485826,26116.0,75,263400,16797225,26115.3,26116.0,150,1800
20/11/2025,09:19:56.906,NIFTY25NOVFUT,9485826,26115.9,75,263400,16797225,26115.3,26116.0,150,1800
20/11/2025,09:19:57.949,NIFTY25NOVFUT,9485826,26115.0,75,264675,16797225,26115.0,26115.9,225,150
20/11/2025,09:19:58.195,NIFTY25NOVFUT,9485826,26115.9,75,264675,16797225,26115.0,26115.9,225,150
20/11/2025,09:19:59.441,NIFTY25NOVFUT,9485826,26115.9,75,264900,16797225,26115.5,26115.9,75,1050
20/11/2025,09:20:00.184,NIFTY25NOVFUT,9485826,26115.5,75,264900,16797225,26115.5,26115.9,75,1050
20/11/2025,09:20:00.421,NIFTY25NOVFUT,9485826,26115.5,75,264900,16797225,26115.5,26115.9,75,1050
20/11/2025,09:20:01.226,NIFTY25NOVFUT,9485826,26115.8,75,265050,16797225,26115.1,26115.8,75,450
20/11/2025,09:20:01.628,NIFTY25NOVFUT,9485826,26115.8,75,265050,16797225,26115.1,26115.8,75,450
20/11/2025,09:20:02.846,NIFTY25NOVFUT,9485826,26112.8,225,265050,16797225,26115.1,26115.8,75,450
20/11/2025,09:20:03.597,NIFTY25NOVFUT,9485826,26111.2,150,283800,16797225,26112.8,26116.2,525,75
20/11/2025,09:20:05.039,NIFTY25NOVFUT,9485826,26118.0,75,283800,16797225,26112.8,26116.2,525,75
20/11/2025,09:20:05.894,NIFTY25NOVFUT,9485826,26112.0,75,283800,16797225,26112.8,26116.2,525,75
20/11/2025,09:20:05.962,NIFTY25NOVFUT,9485826,26111.7,225,285375,16797225,26111.4,26117.9,225,75
20/11/2025,09:20:06.863,NIFTY25NOVFUT,9485826,26110.5,300,285375,16797225,26111.4,26117.9,225,75
20/11/2025,09:20:07.550,NIFTY25NOVFUT,9485826,26110.5,300,285375,16797225,26111.4,26117.9,225,75
20/11/2025,09:20:08.087,NIFTY25NOVFUT,9485826,26116.0,75,288075,16797225,26110.1,26116.4,75,75
20/11/2025,09:20:08.329,NIFTY25NOVFUT,9485826,26115.6,75,288075,16797225,26110.1,26116.4,75,75
20/11/2025,09:20:09.234,NIFTY25NOVFUT,9485826,26110.2,75,288075,16797225,26110.1,26116.4,75,75
20/11/2025,09:20:09.466,NIFTY25NOVFUT,9485826,26115.9,75,288825,16797225,26110.1,26115.1,75,225
20/11/2025,09:20:10.043,NIFTY25NOVFUT,9485826,26115.1,150,288825,16797225,26110.1,26115.1,75,225
20/11/2025,09:20:10.404,NIFTY25NOVFUT,9485826,26116.2,75,288825,16797225,26110.1,26115.1,75,225
20/11/2025,09:20:10.772,NIFTY25NOVFUT,9485826,26115.1,75,288825,16797225,26110.1,26115.1,75,225
20/11/2025,09:20:10.978,NIFTY25NOVFUT,9485826,26115.1,75,289200,16797225,26110.0,26115.1,1875,525
20/11/2025,09:20:11.983,NIFTY25NOVFUT,9485826,26110.3,300,289200,16797225,26110.0,26115.1,1875,525
20/11/2025,09:20:12.484,NIFTY25NOVFUT,9485826,26111.3,75,294075,16797225,26111.3,26118.7,225,75
20/11/2025,09:20:13.440,NIFTY25NOVFUT,9485826,26112.9,75,294075,16797225,26111.3,26118.7,225,75
20/11/2025,09:20:14.027,NIFTY25NOVFUT,9485826,26112.9,150,294600,16797225,26112.9,26118.7,150,150
20/11/2025,09:20:14.513,NIFTY25NOVFUT,9485826,26112.9,75,294600,16797225,26112.9,26118.7,150,150
20/11/2025,09:20:14.994,NIFTY25NOVFUT,9485826,26112.9,75,294600,16797225,26112.9,26118.7,150,150
20/11/2025,09:20:16.519,NIFTY25NOVFUT,9485826,26111.7,75,294600,16797225,26112.9,26118.7,150,150
20/11/2025,09:20:16.940,NIFTY25NOVFUT,9485826,26111.7,75,294900,16797225,26112.8,26118.7,450,150
20/11/2025,09:20:17.765,NIFTY25NOVFUT,9485826,26116.0,150,294900,16797225,26112.8,26118.7,450,150
20/11/2025,09:20:18.012,NIFTY25NOVFUT,9485826,26116.0,150,294900,16797225,26112.8,26118.7,450,150
20/11/2025,09:20:18.501,NIFTY25NOVFUT,9485826,26116.0,75,295875,16797225,26116.4,26118.6,675,300
20/11/2025,09:20:19.051,NIFTY25NOVFUT,9485826,26116.0,75,295875,16797225,26116.4,26118.6,675,300
20/11/2025,09:20:20.068,NIFTY25NOVFUT,9485826,26116.4,75,295875,16797225,26116.4,26118.5,675,75
20/11/2025,09:20:20.407,NIFTY25NOVFUT,9485826,26116.4,75,295875,16797225,26116.4,26118.5,675,75
20/11/2025,09:20:21.323,NIFTY25NOVFUT,9485826,26118.1,75,295875,16797225,26116.4,26118.5,675,75
20/11/2025,09:20:21.537,NIFTY25NOVFUT,9485826,26118.1,75,296775,16797225,26112.1,26118.2,75,75
20/11/2025,09:20:21.790,NIFTY25NOVFUT,9485826,26118.1,75,296775,16797225,26112.1,26117.9,75,75
20/11/2025,09:20:22.811,NIFTY25NOVFUT,9485826,26114.1,75,296775,16797225,26112.1,26117.9,75,75
20/11/2025,09:20:23.203,NIFTY25NOVFUT,9485826,26116.9,75,296850,16797225,26112.0,26116.9,75,225
20/11/2025,09:20:23.498,NIFTY25NOVFUT,9485826,26116.9,75,296850,16797225,26112.0,26116.9,75,225
20/11/2025,09:20:24.118,NIFTY25NOVFUT,9485826,26116.9,75,296850,16797225,26112.0,26116.9,75,225
20/11/2025,09:20:24.694,NIFTY25NOVFUT,9485826,26116.9,75,297000,16797225,26112.0,26116.9,75,2925
20/11/2025,09:20:26.500,NIFTY25NOVFUT,9485826,26112.0,75,297000,16797225,26112.0,26116.9,75,2925
20/11/2025,09:20:26.728,NIFTY25NOVFUT,9485826,26111.2,75,297375,16797225,26111.0,26112.0,75,75
20/11/2025,09:20:27.123,NIFTY25NOVFUT,9485826,26111.2,75,297375,16797225,26111.0,26112.0,75,75
20/11/2025,09:20:28.035,NIFTY25NOVFUT,9485826,26112.0,75,297375,16797225,26111.0,26112.0,75,75
20/11/2025,09:20:28.514,NIFTY25NOVFUT,9485826,26112.0,75,297675,16797225,26111.0,26112.0,75,1200
20/11/2025,09:20:29.304,NIFTY25NOVFUT,9485826,26112.0,150,297675,16797225,26111.0,26112.0,75,1200
20/11/2025,09:20:29.704,NIFTY25NOVFUT,9485826,26111.0,75,297675,16797225,26111.0,26112.0,75,1200
20/11/2025,09:20:29.957,NIFTY25NOVFUT,9485826,26111.0,75,297900,16797225,26110.4,26111.9,75,675
20/11/2025,09:20:30.591,NIFTY25NOVFUT,9485826,26111.5,75,297900,16797225,26110.4,26111.9,75,675
20/11/2025,09:20:31.403,NIFTY25NOVFUT,9485826,26111.8,75,297900,16797225,26110.4,26111.9,75,675
20/11/2025,09:20:31.546,NIFTY25NOVFUT,9485826,26111.8,75,298050,16797225,26110.4,26111.8,75,675
20/11/2025,09:20:32.056,NIFTY25NOVFUT,9485826,26111.7,75,298050,16797225,26110.4,26111.8,75,675
20/11/2025,09:20:32.346,NIFTY25NOVFUT,9485826,26111.7,75,298050,16797225,26110.4,26111.8,75,675
20/11/2025,09:20:33.081,NIFTY25NOVFUT,9485826,26111.7,75,298125,16797225,26110.4,26111.0,75,1575
20/11/2025,09:20:34.225,NIFTY25NOVFUT,9485826,26110.4,75,298125,16797225,26110.4,26111.0,75,1575
20/11/2025,09:20:34.272,NIFTY25NOVFUT,9485826,26110.4,75,298125,16797225,26110.4,26111.0,75,1575
20/11/2025,09:20:35.591,NIFTY25NOVFUT,9485826,26110.4,75,298200,16797225,26110.2,26110.8,150,75
20/11/2025,09:20:35.820,NIFTY25NOVFUT,9485826,26110.8,75,298200,16797225,26110.2,26110.8,150,75
20/11/2025,09:20:36.002,NIFTY25NOVFUT,9485826,26110.8,75,298200,16797225,26110.2,26110.8,150,75
20/11/2025,09:20:36.526,NIFTY25NOVFUT,9485826,26110.0,150,298200,16797225,26110.2,26110.8,150,75
20/11/2025,09:20:37.008,NIFTY25NOVFUT,9485826,26110.8,75,299175,16797225,26110.0,26110.8,1275,3900
20/11/2025,09:20:37.762,NIFTY25NOVFUT,9485826,26110.8,75,299175,16797225,26110.0,26110.8,1275,3900
20/11/2025,09:20:38.022,NIFTY25NOVFUT,9485826,26110.8,75,299175,16797225,26110.0,26110.8,1275,3900
20/11/2025,09:20:38.268,NIFTY25NOVFUT,9485826,26110.0,75,299700,16797225,26110.0,26110.8,1125,5175
20/11/2025,09:20:38.539,NIFTY25NOVFUT,9485826,26110.0,75,299700,16797225,26110.0,26110.8,1125,5175
20/11/2025,09:20:39.297,NIFTY25NOVFUT,9485826,26110.0,75,299700,16797225,26110.0,26110.8,1125,5175
20/11/2025,09:20:39.560,NIFTY25NOVFUT,9485826,26110.0,75,300225,16797225,26110.0,26110.7,600,825
20/11/2025,09:20:40.526,NIFTY25NOVFUT,9485826,26109.5,75,300225,16797225,26110.0,26110.7,600,825
20/11/2025,09:20:41.135,NIFTY25NOVFUT,9485826,26110.0,75,301050,16797225,26109.0,26110.0,75,825
20/11/2025,09:20:41.201,NIFTY25NOVFUT,9485826,26110.0,75,301050,16797225,26109.0,26110.0,75,825
20/11/2025,09:20:42.351,NIFTY25NOVFUT,9485826,26109.5,75,301050,16797225,26109.0,26110.0,75,825
20/11/2025,09:20:42.419,NIFTY25NOVFUT,9485826,26109.5,75,301125,16797225,26109.0,26109.1,75,300
20/11/2025,09:20:42.780,NIFTY25NOVFUT,9485826,26109.1,75,301125,16797225,26109.0,26109.1,75,300
20/11/2025,09:20:44.091,NIFTY25NOVFUT,9485826,26105.0,75,301125,16797225,26109.0,26109.1,75,300
20/11/2025,09:20:44.253,NIFTY25NOVFUT,9485826,26105.0,75,302250,16797225,26105.0,26106.8,1275,75
20/11/2025,09:20:44.950,NIFTY25NOVFUT,9485826,26106.8,75,302250,16797225,26105.0,26106.8,1275,75
20/11/2025,09:20:45.520,NIFTY25NOVFUT,9485826,26105.0,75,302550,16797225,26105.0,26106.8,1125,2025
20/11/2025,09:20:45.772,NIFTY25NOVFUT,9485826,26105.0,75,302550,16797225,26105.0,26106.8,1125,2025
20/11/2025,09:20:46.369,NIFTY25NOVFUT,9485826,26105.0,75,302550,16797225,26105.0,26106.8,1125,2025
20/11/2025,09:20:46.766,NIFTY25NOVFUT,9485826,26105.0,300,302550,16797225,26105.0,26106.8,1125,2025
20/11/2025,09:20:46.919,NIFTY25NOVFUT,9485826,26106.8,75,303000,16797225,26105.0,26106.8,750,2175
20/11/2025,09:20:47.076,NIFTY25NOVFUT,9485826,26106.8,75,303000,16797225,26105.0,26106.8,750,2175
20/11/2025,09:20:48.190,NIFTY25NOVFUT,9485826,26106.8,75,306900,16797225,26106.6,26106.8,375,75
20/11/2025,09:20:48.978,NIFTY25NOVFUT,9485826,26109.5,75,306900,16797225,26106.6,26106.8,375,75
20/11/2025,09:20:49.592,NIFTY25NOVFUT,9485826,26109.1,150,310350,16797225,26110.8,26111.0,75,225
20/11/2025,09:20:50.511,NIFTY25NOVFUT,9485826,26114.8,75,310350,16797225,26110.8,26111.0,75,225
20/11/2025,09:20:51.022,NIFTY25NOVFUT,9485826,26111.4,150,310350,16797225,26110.8,26111.0,75,225
20/11/2025,09:20:51.349,NIFTY25NOVFUT,9485826,26116.4,75,315600,16797225,26112.1,26116.4,300,300
20/11/2025,09:20:51.475,NIFTY25NOVFUT,9485826,26116.4,75,315600,16797225,26112.1,26116.4,300,300
20/11/2025,09:20:52.220,NIFTY25NOVFUT,9485826,26111.7,75,315600,16797225,26112.1,26116.4,300,300
20/11/2025,09:20:52.444,NIFTY25NOVFUT,9485826,26111.7,75,316275,16797225,26111.2,26116.9,150,150
20/11/2025,09:20:52.754,NIFTY25NOVFUT,9485826,26111.7,75,316275,16797225,26111.6,26116.9,375,150
20/11/2025,09:20:54.711,NIFTY25NOVFUT,9485826,26111.7,75,316275,16797225,26113.8,26116.9,150,150
20/11/2025,09:20:55.181,NIFTY25NOVFUT,9485826,26116.9,75,316275,16797225,26113.8,26116.9,150,150
20/11/2025,09:20:55.569,NIFTY25NOVFUT,9485826,26114.8,75,316275,16797225,26113.8,26116.9,150,150
20/11/2025,09:20:56.213,NIFTY25NOVFUT,9485826,26113.7,75,316650,16797225,26113.9,26116.9,150,75
20/11/2025,09:20:56.423,NIFTY25NOVFUT,9485826,26113.7,75,316650,16797225,26113.9,26116.9,150,75
20/11/2025,09:20:57.170,NIFTY25NOVFUT,9485826,26114.5,300,316650,16797225,26113.9,26116.9,150,75
20/11/2025,09:20:57.427,NIFTY25NOVFUT,9485826,26114.5,300,316650,16797225,26113.9,26116.9,150,75
20/11/2025,09:20:57.731,NIFTY25NOVFUT,9485826,26114.5,300,317850,16797225,26115.3,26116.0,375,375
20/11/2025,09:20:58.453,NIFTY25NOVFUT,9485826,26116.0,750,317850,16797225,26115.3,26116.0,375,375
20/11/2025,09:20:59.202,NIFTY25NOVFUT,9485826,26116.0,750,319650,16797225,26115.5,26115.9,150,375
20/11/2025,09:21:00.060,NIFTY25NOVFUT,9485826,26115.4,75,319650,16797225,26115.5,26115.9,150,375
20/11/2025,09:21:00.247,NIFTY25NOVFUT,9485826,26115.9,75,319650,16797225,26115.5,26115.9,150,375
20/11/2025,09:21:00.439,NIFTY25NOVFUT,9485826,26115.9,75,319650,16797225,26115.5,26115.9,150,375
20/11/2025,09:21:00.958,NIFTY25NOVFUT,9485826,26115.9,75,319875,16797225,26115.4,26115.9,1650,450
20/11/2025,09:21:01.479,NIFTY25NOVFUT,9485826,26115.9,75,319875,16797225,26115.4,26115.9,1650,450
20/11/2025,09:21:02.519,NIFTY25NOVFUT,9485826,26116.0,450,319875,16797225,26115.4,26115.9,1650,450
20/11/2025,09:21:03.011,NIFTY25NOVFUT,9485826,26116.8,75,323775,16797225,26116.8,26118.0,75,300
20/11/2025,09:21:03.569,NIFTY25NOVFUT,9485826,26119.0,75,323775,16797225,26116.8,26118.0,75,300
20/11/2025,09:21:05.038,NIFTY25NOVFUT,9485826,26118.2,75,324600,16797225,26116.8,26118.0,75,300
20/11/2025,09:21:05.316,NIFTY25NOVFUT,9485826,26118.2,75,324600,16797225,26116.8,26118.0,75,300
20/11/2025,09:21:06.501,NIFTY25NOVFUT,9485826,26116.9,75,324600,16797225,26116.8,26118.0,75,300
20/11/2025,09:21:07.356,NIFTY25NOVFUT,9485826,26117.9,75,326550,16797225,26115.9,26117.3,150,300
20/11/2025,09:21:08.282,NIFTY25NOVFUT,9485826,26116.0,150,326550,16797225,26115.9,26117.3,150,300
20/11/2025,09:21:08.623,NIFTY25NOVFUT,9485826,26116.0,150,326550,16797225,26115.9,26117.3,150,300
20/11/2025,09:21:08.826,NIFTY25NOVFUT,9485826,26116.0,150,327000,16797225,26116.0,26116.8,1725,75
20/11/2025,09:21:09.402,NIFTY25NOVFUT,9485826,26116.0,75,327000,16797225,26116.0,26116.8,1725,75
20/11/2025,09:21:09.986,NIFTY25NOVFUT,9485826,26116.8,75,327375,16797225,26116.1,26116.8,375,525
20/11/2025,09:21:10.049,NIFTY25NOVFUT,9485826,26116.8,75,327375,16797225,26116.1,26116.8,375,525
20/11/2025,09:21:10.773,NIFTY25NOVFUT,9485826,26116.1,75,327375,16797225,26116.1,26116.8,375,525
20/11/2025,09:21:11.364,NIFTY25NOVFUT,9485826,26116.1,75,327675,16797225,26116.1,26116.8,225,2625
20/11/2025,09:21:11.763,NIFTY25NOVFUT,9485826,26116.1,225,327675,16797225,26116.1,26116.8,225,2625
20/11/2025,09:21:12.419,NIFTY25NOVFUT,9485826,26116.7,75,327675,16797225,26116.1,26116.8,225,2625
20/11/2025,09:21:12.719,NIFTY25NOVFUT,9485826,26116.7,75,328200,16797225,26115.0,26116.8,600,2325
20/11/2025,09:21:13.223,NIFTY25NOVFUT,9485826,26116.8,75,328200,16797225,26115.0,26116.8,600,2325
20/11/2025,09:21:13.420,NIFTY25NOVFUT,9485826,26116.8,75,328200,16797225,26115.0,26116.8,600,2325
20/11/2025,09:21:14.457,NIFTY25NOVFUT,9485826,26116.8,75,328800,16797225,26115.0,26116.1,600,225
20/11/2025,09:21:15.193,NIFTY25NOVFUT,9485826,26116.1,150,328800,16797225,26115.0,26116.1,600,225
20/11/2025,09:21:15.424,NIFTY25NOVFUT,9485826,26116.1,75,328800,16797225,26115.0,26116.1,600,225
20/11/2025,09:21:15.978,NIFTY25NOVFUT,9485826,26116.8,150,330675,16797225,26115.0,26116.8,600,3225
20/11/2025,09:21:16.172,NIFTY25NOVFUT,9485826,26116.8,150,330675,16797225,26115.0,26116.8,600,3225
20/11/2025,09:21:16.451,NIFTY25NOVFUT,9485826,26116.8,150,330675,16797225,26115.0,26116.8,600,3225
20/11/2025,09:21:17.179,NIFTY25NOVFUT,9485826,26115.0,75,330675,16797225,26115.0,26116.8,600,3225
20/11/2025,09:21:17.925,NIFTY25NOVFUT,9485826,26115.0,75,331275,16797225,26115.0,26116.0,225,150
20/11/2025,09:21:18.242,NIFTY25NOVFUT,9485826,26116.0,75,331275,16797225,26115.0,26116.0,225,150
20/11/2025,09:21:18.420,NIFTY25NOVFUT,9485826,26116.0,75,331275,16797225,26115.0,26116.0,225,150
20/11/2025,09:21:19.408,NIFTY25NOVFUT,9485826,26116.0,75,331500,16797225,26115.0,26116.1,150,150
20/11/2025,09:21:20.220,NIFTY25NOVFUT,9485826,26116.1,75,331500,16797225,26115.0,26116.1,150,150
20/11/2025,09:21:20.940,NIFTY25NOVFUT,9485826,26115.0,75,331800,16797225,26115.0,26116.1,75,3075
20/11/2025,09:21:21.212,NIFTY25NOVFUT,9485826,26116.1,75,331800,16797225,26115.0,26116.1,75,3075
20/11/2025,09:21:21.449,NIFTY25NOVFUT,9485826,26116.1,75,331800,16797225,26115.0,26116.1,75,3075
20/11/2025,09:21:22.447,NIFTY25NOVFUT,9485826,26116.1,75,332625,16797225,26115.6,26116.1,150,2550
20/11/2025,09:21:22.658,NIFTY25NOVFUT,9485826,26116.1,75,332625,16797225,26115.6,26116.1,150,2550
20/11/2025,09:21:23.196,NIFTY25NOVFUT,9485826,26116.1,75,332625,16797225,26115.6,26116.1,150,2550
20/11/2025,09:21:24.310,NIFTY25NOVFUT,9485826,26116.1,75,333000,16797225,26115.7,26116.1,225,2400
20/11/2025,09:21:25.421,NIFTY25NOVFUT,9485826,26116.8,75,333000,16797225,26115.7,26116.1,225,2400
20/11/2025,09:21:25.915,NIFTY25NOVFUT,9485826,26115.9,150,337875,16797225,26115.8,26116.8,600,825
20/11/2025,09:21:26.273,NIFTY25NOVFUT,9485826,26115.0,75,337950,16797225,26115.3,26116.8,75,750
20/11/2025,09:21:26.683,NIFTY25NOVFUT,9485826,26115.0,75,337950,16797225,26115.3,26116.8,75,750
20/11/2025,09:21:27.243,NIFTY25NOVFUT,9485826,26114.9,75,337950,16797225,26115.3,26116.8,75,750
20/11/2025,09:21:27.481,NIFTY25NOVFUT,9485826,26114.9,75,337950,16797225,26115.3,26116.8,75,750
20/11/2025,09:21:27.713,NIFTY25NOVFUT,9485826,26114.9,75,338550,16797225,26116.1,26116.8,75,750
20/11/2025,09:21:31.416,NIFTY25NOVFUT,9485826,26114.7,150,338550,16797225,26116.1,26116.8,75,750
20/11/2025,09:21:32.568,NIFTY25NOVFUT,9485826,26114.7,150,338775,16797225,26114.4,26115.3,75,300
20/11/2025,09:21:33.726,NIFTY25NOVFUT,9485826,26114.5,150,338775,16797225,26114.4,26115.3,75,300
20/11/2025,09:21:34.029,NIFTY25NOVFUT,9485826,26115.7,75,338775,16797225,26114.4,26115.3,75,300
20/11/2025,09:21:34.702,NIFTY25NOVFUT,9485826,26115.2,150,339300,16797225,26115.1,26115.7,75,525
20/11/2025,09:21:35.229,NIFTY25NOVFUT,9485826,26115.7,75,339300,16797225,26115.1,26115.7,75,525
20/11/2025,09:21:35.836,NIFTY25NOVFUT,9485826,26115.7,75,339300,16797225,26115.1,26115.7,75,525
20/11/2025,09:21:36.024,NIFTY25NOVFUT,9485826,26115.7,75,339675,16797225,26114.4,26115.7,75,450
20/11/2025,09:21:36.239,NIFTY25NOVFUT,9485826,26116.8,75,339675,16797225,26114.4,26115.7,75,450
20/11/2025,09:21:36.822,NIFTY25NOVFUT,9485826,26116.8,75,339675,16797225,26114.4,26115.7,75,450
20/11/2025,09:21:37.059,NIFTY25NOVFUT,9485826,26116.8,75,340500,16797225,26115.0,26116.8,150,4950
20/11/2025,09:21:37.909,NIFTY25NOVFUT,9485826,26116.8,75,340500,16797225,26115.0,26116.8,150,4950
20/11/2025,09:21:38.268,NIFTY25NOVFUT,9485826,26116.8,75,340500,16797225,26115.8,26116.0,150,525
20/11/2025,09:21:38.434,NIFTY25NOVFUT,9485826,26116.8,75,340500,16797225,26115.8,26116.0,150,5025
20/11/2025,09:21:38.763,NIFTY25NOVFUT,9485826,26115.9,75,340500,16797225,26115.8,26116.0,150,5025
20/11/2025,09:21:39.252,NIFTY25NOVFUT,9485826,26116.0,150,340500,16797225,26115.8,26116.0,150,5025
20/11/2025,09:21:39.437,NIFTY25NOVFUT,9485826,26116.0,150,340800,16797225,26115.9,26116.0,150,4950
20/11/2025,09:21:39.835,NIFTY25NOVFUT,9485826,26116.0,75,340800,16797225,26115.9,26116.0,150,4950
20/11/2025,09:21:40.609,NIFTY25NOVFUT,9485826,26115.9,75,341250,16797225,26115.8,26115.9,75,2325
20/11/2025,09:21:41.772,NIFTY25NOVFUT,9485826,26115.9,75,341325,16797225,26115.8,26115.9,225,2250
20/11/2025,09:21:42.209,NIFTY25NOVFUT,9485826,26115.8,75,341325,16797225,26115.8,26115.9,225,2250
20/11/2025,09:21:42.619,NIFTY25NOVFUT,9485826,26115.9,900,341325,16797225,26115.8,26115.9,225,2250
20/11/2025,09:21:42.949,NIFTY25NOVFUT,9485826,26115.9,75,345225,16797225,26115.8,26116.0,75,4500
20/11/2025,09:21:43.498,NIFTY25NOVFUT,9485826,26116.0,75,345225,16797225,26115.8,26116.0,75,4500
20/11/2025,09:21:44.194,NIFTY25NOVFUT,9485826,26116.0,75,345225,16797225,26115.8,26116.0,75,4500
20/11/2025,09:21:44.441,NIFTY25NOVFUT,9485826,26116.0,75,345600,16797225,26114.9,26116.0,150,4425
20/11/2025,09:21:44.682,NIFTY25NOVFUT,9485826,26116.0,75,345600,16797225,26114.9,26116.0,150,4425
20/11/2025,09:21:45.184,NIFTY25NOVFUT,9485826,26116.0,75,345600,16797225,26114.9,26116.0,150,4425
20/11/2025,09:21:45.452,NIFTY25NOVFUT,9485826,26115.2,75,345600,16797225,26114.9,26116.0,150,4425
20/11/2025,09:21:45.903,NIFTY25NOVFUT,9485826,26116.0,75,345825,16797225,26115.5,26116.0,225,4275
20/11/2025,09:21:46.163,NIFTY25NOVFUT,9485826,26116.0,75,345825,16797225,26115.8,26116.0,150,4275
20/11/2025,09:21:46.440,NIFTY25NOVFUT,9485826,26116.0,75,345825,16797225,26115.8,26116.0,150,4275
20/11/2025,09:21:47.182,NIFTY25NOVFUT,9485826,26116.0,75,345825,16797225,26115.8,26116.0,150,4275
20/11/2025,09:21:47.441,NIFTY25NOVFUT,9485826,26116.0,75,345825,16797225,26115.8,26116.0,150,4275
20/11/2025,09:21:47.693,NIFTY25NOVFUT,9485826,26116.0,75,347100,16797225,26114.7,26116.0,75,4125
20/11/2025,09:21:49.156,NIFTY25NOVFUT,9485826,26116.0,75,347100,16797225,26114.7,26116.0,75,4125
20/11/2025,09:21:49.720,NIFTY25NOVFUT,9485826,26116.0,150,348075,16797225,26115.0,26116.0,225,3600
20/11/2025,09:21:50.491,NIFTY25NOVFUT,9485826,26115.2,75,348075,16797225,26115.0,26116.0,225,3600
20/11/2025,09:21:51.051,NIFTY25NOVFUT,9485826,26115.4,75,348825,16797225,26115.4,26116.0,150,3525
20/11/2025,09:21:51.275,NIFTY25NOVFUT,9485826,26116.0,75,348825,16797225,26115.4,26116.0,150,3525
20/11/2025,09:21:52.194,NIFTY25NOVFUT,9485826,26114.4,75,348825,16797225,26115.4,26116.0,150,3525
20/11/2025,09:21:52.723,NIFTY25NOVFUT,9485826,26114.4,75,349725,16797225,26113.2,26115.8,600,225
20/11/2025,09:21:53.465,NIFTY25NOVFUT,9485826,26115.8,75,349725,16797225,26113.2,26115.8,600,225
20/11/2025,09:21:54.442,NIFTY25NOVFUT,9485826,26115.0,75,349875,16797225,26114.5,26115.0,300,375
20/11/2025,09:21:55.197,NIFTY25NOVFUT,9485826,26115.0,75,349875,16797225,26114.5,26115.0,300,375
20/11/2025,09:21:55.509,NIFTY25NOVFUT,9485826,26115.0,75,349875,16797225,26114.5,26115.0,300,375
20/11/2025,09:21:56.217,NIFTY25NOVFUT,9485826,26114.7,75,350250,16797225,26114.2,26114.5,225,525
20/11/2025,09:21:56.442,NIFTY25NOVFUT,9485826,26114.7,75,350250,16797225,26114.2,26114.5,225,525
20/11/2025,09:21:57.709,NIFTY25NOVFUT,9485826,26114.5,75,350325,16797225,26113.8,26114.5,225,825
20/11/2025,09:21:58.462,NIFTY25NOVFUT,9485826,26114.5,75,350325,16797225,26113.8,26114.5,225,825
20/11/2025,09:21:59.452,NIFTY25NOVFUT,9485826,26114.5,75,350775,16797225,26114.2,26114.5,225,2250
20/11/2025,09:22:00.412,NIFTY25NOVFUT,9485826,26114.5,75,350775,16797225,26114.2,26114.5,225,2250
20/11/2025,09:22:00.929,NIFTY25NOVFUT,9485826,26114.5,75,351975,16797225,26114.1,26114.5,225,3225
20/11/2025,09:22:01.182,NIFTY25NOVFUT,9485826,26114.5,75,351975,16797225,26114.1,26114.5,225,3225
20/11/2025,09:22:02.083,NIFTY25NOVFUT,9485826,26114.5,75,351975,16797225,26114.1,26114.5,225,3225
20/11/2025,09:22:02.590,NIFTY25NOVFUT,9485826,26115.0,75,351975,16797225,26114.1,26114.5,225,3225
20/11/2025,09:22:03.135,NIFTY25NOVFUT,9485826,26114.9,75,357075,16797225,26114.9,26118.9,450,75
20/11/2025,09:22:03.465,NIFTY25NOVFUT,9485826,26115.1,75,357075,16797225,26114.9,26118.9,450,75
20/11/2025,09:22:04.665,NIFTY25NOVFUT,9485826,26115.9,75,358425,16797225,26115.9,26119.8,150,75
20/11/2025,09:22:05.461,NIFTY25NOVFUT,9485826,26115.9,75,358425,16810125,26115.9,26119.8,150,75
20/11/2025,09:22:05.962,NIFTY25NOVFUT,9485826,26120.0,75,359025,16810125,26115.9,26120.0,75,1575
20/11/2025,09:22:06.150,NIFTY25NOVFUT,9485826,26115.1,225,359700,16810125,26115.1,26119.9,225,750
20/11/2025,09:22:07.426,NIFTY25NOVFUT,9485826,26115.0,75,359700,16810125,26115.1,26119.9,225,750
20/11/2025,09:22:08.031,NIFTY25NOVFUT,9485826,26120.0,75,360300,16810125,26115.1,26120.0,75,1500
20/11/2025,09:22:08.247,NIFTY25NOVFUT,9485826,26115.0,300,360300,16810125,26115.1,26120.0,75,1500
20/11/2025,09:22:08.442,NIFTY25NOVFUT,9485826,26115.0,300,360300,16810125,26115.1,26120.0,75,1500
20/11/2025,09:22:09.406,NIFTY25NOVFUT,9485826,26120.0,75,361425,16810125,26118.2,26120.0,375,1275
20/11/2025,09:22:10.910,NIFTY25NOVFUT,9485826,26117.2,225,361425,16810125,26118.2,26120.0,375,1275
20/11/2025,09:22:11.185,NIFTY25NOVFUT,9485826,26115.9,75,362025,16810125,26115.7,26120.0,225,1500
20/11/2025,09:22:11.476,NIFTY25NOVFUT,9485826,26120.0,75,362025,16810125,26115.7,26120.0,225,1500
20/11/2025,09:22:12.461,NIFTY25NOVFUT,9485826,26115.9,75,362025,16810125,26115.7,26120.0,225,1500
20/11/2025,09:22:12.792,NIFTY25NOVFUT,9485826,26115.9,75,362175,16810125,26116.7,26120.0,300,1425
20/11/2025,09:22:13.450,NIFTY25NOVFUT,9485826,26116.7,150,362175,16810125,26116.7,26120.0,300,1425
20/11/2025,09:22:14.463,NIFTY25NOVFUT,9485826,26116.7,150,362475,16810125,26116.9,26119.9,150,375
20/11/2025,09:22:16.295,NIFTY25NOVFUT,9485826,26119.3,75,362475,16810125,26116.9,26119.9,150,375
20/11/2025,09:22:16.789,NIFTY25NOVFUT,9485826,26116.3,75,363150,16810125,26115.1,26119.6,150,675
20/11/2025,09:22:17.891,NIFTY25NOVFUT,9485826,26119.7,75,363450,16810125,26116.9,26118.9,75,975
20/11/2025,09:22:19.103,NIFTY25NOVFUT,9485826,26116.9,75,363450,16810125,26116.9,26118.9,75,975
20/11/2025,09:22:19.448,NIFTY25NOVFUT,9485826,26120.0,75,365025,16810125,26116.7,26119.9,150,675
20/11/2025,09:22:20.224,NIFTY25NOVFUT,9485826,26119.9,75,365025,16810125,26116.7,26119.9,150,675
20/11/2025,09:22:20.452,NIFTY25NOVFUT,9485826,26119.9,75,365025,16810125,26116.7,26119.9,150,675
20/11/2025,09:22:21.025,NIFTY25NOVFUT,9485826,26116.7,75,365250,16810125,26115.2,26116.7,300,75
20/11/2025,09:22:21.184,NIFTY25NOVFUT,9485826,26119.9,900,367050,16810125,26115.2,26119.2,300,675
20/11/2025,09:22:21.452,NIFTY25NOVFUT,9485826,26119.9,900,367050,16810125,26115.2,26119.2,300,675
20/11/2025,09:22:22.429,NIFTY25NOVFUT,9485826,26119.5,75,367050,16810125,26115.2,26119.2,300,675
20/11/2025,09:22:22.667,NIFTY25NOVFUT,9485826,26119.5,75,367650,16810125,26115.4,26116.7,450,300
20/11/2025,09:22:23.438,NIFTY25NOVFUT,9485826,26116.7,75,367650,16810125,26115.4,26116.7,450,300
20/11/2025,09:22:24.987,NIFTY25NOVFUT,9485826,26116.7,75,368400,16810125,26115.5,26118.0,300,150
20/11/2025,09:22:25.765,NIFTY25NOVFUT,9485826,26115.5,75,368400,16810125,26115.5,26118.0,300,150
20/11/2025,09:22:26.061,NIFTY25NOVFUT,9485826,26115.5,75,368400,16810125,26115.5,26118.0,300,150
20/11/2025,09:22:26.544,NIFTY25NOVFUT,9485826,26115.5,75,368550,16810125,26115.5,26118.0,225,450
20/11/2025,09:22:26.923,NIFTY25NOVFUT,9485826,26119.1,75,368550,16810125,26115.5,26118.0,225,450
20/11/2025,09:22:27.420,NIFTY25NOVFUT,9485826,26119.1,75,368550,16810125,26115.5,26118.0,225,450
20/11/2025,09:22:27.705,NIFTY25NOVFUT,9485826,26114.0,300,370950,16810125,26113.1,26115.9,225,825
20/11/2025,09:22:28.446,NIFTY25NOVFUT,9485826,26113.0,75,370950,16810125,26113.1,26115.9,225,825
20/11/2025,09:22:29.220,NIFTY25NOVFUT,9485826,26115.0,75,371775,16810125,26111.0,26113.0,75,675
20/11/2025,09:22:29.473,NIFTY25NOVFUT,9485826,26115.0,75,371775,16810125,26111.0,26113.0,75,675
20/11/2025,09:22:30.425,NIFTY25NOVFUT,9485826,26112.5,300,371775,16810125,26111.0,26113.0,75,675
20/11/2025,09:22:30.954,NIFTY25NOVFUT,9485826,26112.5,300,372150,16810125,26110.1,26112.9,75,225
20/11/2025,09:22:31.227,NIFTY25NOVFUT,9485826,26112.5,300,372150,16810125,26110.1,26112.9,75,225
20/11/2025,09:22:32.250,NIFTY25NOVFUT,9485826,26110.1,75,372150,16810125,26110.1,26112.9,75,225
20/11/2025,09:22:32.809,NIFTY25NOVFUT,9485826,26112.0,75,372525,16810125,26110.0,26112.8,300,600
20/11/2025,09:22:33.750,NIFTY25NOVFUT,9485826,26112.8,75,372525,16810125,26110.0,26112.8,300,600
20/11/2025,09:22:34.581,NIFTY25NOVFUT,9485826,26112.0,75,372675,16810125,26111.0,26112.7,75,600
20/11/2025,09:22:35.255,NIFTY25NOVFUT,9485826,26110.6,75,372675,16810125,26111.0,26112.7,75,600
20/11/2025,09:22:36.128,NIFTY25NOVFUT,9485826,26110.0,75,373275,16810125,26108.0,26110.0,75,75
20/11/2025,09:22:36.342,NIFTY25NOVFUT,9485826,26110.0,75,373275,16810125,26108.0,26110.0,75,75
20/11/2025,09:22:36.719,NIFTY25NOVFUT,9485826,26110.0,75,373275,16810125,26108.0,26110.0,75,75
20/11/2025,09:22:37.601,NIFTY25NOVFUT,9485826,26110.0,75,373275,16810125,26108.0,26110.0,75,75
20/11/2025,09:22:37.853,NIFTY25NOVFUT,9485826,26110.0,75,373425,16810125,26108.0,26110.0,75,900
20/11/2025,09:22:39.533,NIFTY25NOVFUT,9485826,26109.9,75,373425,16810125,26108.0,26110.0,75,900
20/11/2025,09:22:39.718,NIFTY25NOVFUT,9485826,26109.9,75,373500,16810125,26108.0,26109.9,75,300
20/11/2025,09:22:39.983,NIFTY25NOVFUT,9485826,26108.0,75,373500,16810125,26108.0,26109.9,75,300
20/11/2025,09:22:40.686,NIFTY25NOVFUT,9485826,26110.0,75,373500,16810125,26108.0,26109.9,75,300
20/11/2025,09:22:41.437,NIFTY25NOVFUT,9485826,26110.0,75,375225,16810125,26110.0,26113.1,75,75
20/11/2025,09:22:42.449,NIFTY25NOVFUT,9485826,26113.1,75,375225,16810125,26110.0,26113.1,75,75
20/11/2025,09:22:42.941,NIFTY25NOVFUT,9485826,26109.7,75,375450,16810125,26109.5,26114.0,150,375
20/11/2025,09:22:43.246,NIFTY25NOVFUT,9485826,26109.7,75,375450,16810125,26109.5,26114.0,150,375
20/11/2025,09:22:43.433,NIFTY25NOVFUT,9485826,26109.7,75,375450,16810125,26109.5,26114.0,150,375
20/11/2025,09:22:44.441,NIFTY25NOVFUT,9485826,26109.7,75,375450,16810125,26110.2,26114.0,600,375
20/11/2025,09:22:44.630,NIFTY25NOVFUT,9485826,26109.7,75,375450,16810125,26110.2,26114.0,600,375
20/11/2025,09:22:45.300,NIFTY25NOVFUT,9485826,26110.4,75,375450,16810125,26110.2,26114.0,600,375
20/11/2025,09:22:46.244,NIFTY25NOVFUT,9485826,26110.4,75,376575,16810125,26111.6,26118.0,150,75
20/11/2025,09:22:47.938,NIFTY25NOVFUT,9485826,26117.9,75,376650,16810125,26111.4,26118.0,300,75
20/11/2025,09:22:49.756,NIFTY25NOVFUT,9485826,26117.9,75,376650,16810125,26110.7,26117.9,450,450
20/11/2025,09:22:50.107,NIFTY25NOVFUT,9485826,26110.9,75,376650,16810125,26110.7,26117.9,450,450
20/11/2025,09:22:50.983,NIFTY25NOVFUT,9485826,26110.9,75,376725,16810125,26110.6,26117.3,300,750
20/11/2025,09:22:51.218,NIFTY25NOVFUT,9485826,26110.9,75,376725,16810125,26110.6,26117.1,300,450
20/11/2025,09:22:52.953,NIFTY25NOVFUT,9485826,26110.9,75,376725,16810125,26110.6,26117.2,525,450
20/11/2025,09:22:53.184,NIFTY25NOVFUT,9485826,26117.3,75,376725,16810125,26110.6,26117.2,525,450
20/11/2025,09:22:54.699,NIFTY25NOVFUT,9485826,26117.1,75,377325,16810125,26110.6,26117.1,225,375
20/11/2025,09:22:55.759,NIFTY25NOVFUT,9485826,26110.6,75,377325,16810125,26110.6,26117.1,225,375
20/11/2025,09:22:56.201,NIFTY25NOVFUT,9485826,26110.6,75,377475,16810125,26110.6,26115.0,75,75
20/11/2025,09:22:56.927,NIFTY25NOVFUT,9485826,26115.0,75,377475,16810125,26110.6,26115.0,75,75
20/11/2025,09:22:57.459,NIFTY25NOVFUT,9485826,26116.0,75,377475,16810125,26110.6,26115.0,75,75
20/11/2025,09:22:57.925,NIFTY25NOVFUT,9485826,26116.0,75,377850,16810125,26110.0,26114.9,150,375
20/11/2025,09:22:58.458,NIFTY25NOVFUT,9485826,26110.6,75,377850,16810125,26110.0,26114.9,150,375
20/11/2025,09:22:59.704,NIFTY25NOVFUT,9485826,26116.3,75,378000,16810125,26110.2,26114.9,150,825
20/11/2025,09:22:59.858,NIFTY25NOVFUT,9485826,26116.3,75,378000,16810125,26110.2,26114.9,150,825
20/11/2025,09:23:00.454,NIFTY25NOVFUT,9485826,26115.6,75,378000,16810125,26110.2,26114.9,150,825
20/11/2025,09:23:01.570,NIFTY25NOVFUT,9485826,26110.4,225,380550,16810125,26110.4,26114.0,225,375
20/11/2025,09:23:01.779,NIFTY25NOVFUT,9485826,26110.4,225,380550,16810125,26110.4,26114.0,225,375
20/11/2025,09:23:02.710,NIFTY25NOVFUT,9485826,26114.0,75,380550,16810125,26110.4,26114.0,225,375
20/11/2025,09:23:03.030,NIFTY25NOVFUT,9485826,26114.0,75,380550,16810125,26110.4,26114.0,225,375
20/11/2025,09:23:03.396,NIFTY25NOVFUT,9485826,26114.0,300,381300,16810125,26110.4,26116.8,150,375
20/11/2025,09:23:04.169,NIFTY25NOVFUT,9485826,26114.0,300,381300,16810125,26110.4,26116.8,150,375
20/11/2025,09:23:05.327,NIFTY25NOVFUT,9485826,26116.0,75,381675,16810125,26110.4,26116.3,150,75
20/11/2025,09:23:06.724,NIFTY25NOVFUT,9485826,26115.8,75,381750,16810125,26110.4,26115.7,150,375
20/11/2025,09:23:06.968,NIFTY25NOVFUT,9485826,26115.8,75,381750,16810125,26110.4,26115.7,150,375
20/11/2025,09:23:07.358,NIFTY25NOVFUT,9485826,26110.4,75,381750,16810125,26110.4,26115.7,150,375
20/11/2025,09:23:08.252,NIFTY25NOVFUT,9485826,26110.4,75,381825,16810125,26110.4,26114.6,75,375
20/11/2025,09:23:09.991,NIFTY25NOVFUT,9485826,26110.4,75,381825,16810125,26110.4,26114.6,75,375
20/11/2025,09:23:10.145,NIFTY25NOVFUT,9485826,26110.2,75,382050,16810125,26110.0,26111.7,375,375
20/11/2025,09:23:10.405,NIFTY25NOVFUT,9485826,26110.0,75,382050,16810125,26110.0,26111.7,375,375
20/11/2025,09:23:11.244,NIFTY25NOVFUT,9485826,26110.0,75,382050,16810125,26110.0,26111.7,375,375
20/11/2025,09:23:11.777,NIFTY25NOVFUT,9485826,26111.7,75,382575,16810125,26107.5,26111.7,150,225
20/11/2025,09:23:12.291,NIFTY25NOVFUT,9485826,26111.7,225,382575,16810125,26107.5,26111.7,150,225
20/11/2025,09:23:13.162,NIFTY25NOVFUT,9485826,26111.7,300,382575,16810125,26107.5,26111.7,150,225
20/11/2025,09:23:13.411,NIFTY25NOVFUT,9485826,26107.5,75,384300,16810125,26107.5,26113.9,75,300
20/11/2025,09:23:13.710,NIFTY25NOVFUT,9485826,26114.0,75,384300,16810125,26107.5,26113.9,75,300
20/11/2025,09:23:14.514,NIFTY25NOVFUT,9485826,26114.3,75,384450,16810125,26110.0,26114.5,150,75
20/11/2025,09:23:16.033,NIFTY25NOVFUT,9485826,26114.3,75,384450,16810125,26110.0,26114.5,150,75
20/11/2025,09:23:16.619,NIFTY25NOVFUT,9485826,26114.3,75,384525,16810125,26110.0,26114.1,150,300
20/11/2025,09:23:16.788,NIFTY25NOVFUT,9485826,26114.1,75,384525,16810125,26110.0,26114.1,150,300
20/11/2025,09:23:17.287,NIFTY25NOVFUT,9485826,26114.1,75,384525,16810125,26110.0,26114.1,150,300
20/11/2025,09:23:17.631,NIFTY25NOVFUT,9485826,26110.0,75,384525,16810125,26110.0,26114.1,150,300
20/11/2025,09:23:18.101,NIFTY25NOVFUT,9485826,26110.0,75,384825,16810125,26107.3,26113.6,75,375
20/11/2025,09:23:18.218,NIFTY25NOVFUT,9485826,26113.2,75,384825,16810125,26107.3,26113.6,75,375
20/11/2025,09:23:19.218,NIFTY25NOVFUT,9485826,26106.1,75,385200,16810125,26106.0,26113.4,300,300
20/11/2025,09:23:19.699,NIFTY25NOVFUT,9485826,26106.1,75,385200,16810125,26106.0,26113.4,75,300
20/11/2025,09:23:21.238,NIFTY25NOVFUT,9485826,26112.2,75,385275,16810125,26106.0,26112.2,75,300
20/11/2025,09:23:21.412,NIFTY25NOVFUT,9485826,26105.1,150,385275,16810125,26106.0,26112.2,75,300
20/11/2025,09:23:22.415,NIFTY25NOVFUT,9485826,26111.0,600,385275,16810125,26106.0,26112.2,75,300
20/11/2025,09:23:22.916,NIFTY25NOVFUT,9485826,26111.0,600,386250,16810125,26105.9,26111.2,150,300
20/11/2025,09:23:23.512,NIFTY25NOVFUT,9485826,26111.1,75,386250,16810125,26105.9,26111.2,150,300
20/11/2025,09:23:23.741,NIFTY25NOVFUT,9485826,26111.1,75,386250,16810125,26105.9,26111.2,150,300
20/11/2025,09:23:24.444,NIFTY25NOVFUT,9485826,26109.9,75,386550,16810125,26105.9,26110.0,75,2100
20/11/2025,09:23:25.479,NIFTY25NOVFUT,9485826,26109.9,75,386550,16810125,26105.9,26110.0,75,2100
20/11/2025,09:23:26.164,NIFTY25NOVFUT,9485826,26109.9,150,387675,16810125,26105.1,26109.9,225,525
20/11/2025,09:23:26.705,NIFTY25NOVFUT,9485826,26109.9,75,387675,16810125,26105.1,26109.9,225,525
20/11/2025,09:23:27.461,NIFTY25NOVFUT,9485826,26106.0,75,387675,16810125,26105.1,26109.9,225,525
20/11/2025,09:23:27.765,NIFTY25NOVFUT,9485826,26106.0,75,387825,16810125,26105.1,26107.5,225,300
20/11/2025,09:23:28.210,NIFTY25NOVFUT,9485826,26105.1,150,387825,16810125,26105.1,26107.5,225,300
20/11/2025,09:23:28.964,NIFTY25NOVFUT,9485826,26105.1,150,387825,16810125,26105.1,26107.5,225,300
20/11/2025,09:23:29.424,NIFTY25NOVFUT,9485826,26102.0,75,389625,16810125,26101.8,26103.6,75,75
20/11/2025,09:23:30.494,NIFTY25NOVFUT,9485826,26104.1,75,389625,16810125,26101.8,26103.6,75,75
20/11/2025,09:23:31.236,NIFTY25NOVFUT,9485826,26104.1,75,390525,16810125,26104.0,26104.1,75,825
20/11/2025,09:23:31.494,NIFTY25NOVFUT,9485826,26104.1,75,390525,16810125,26104.0,26104.1,75,825
20/11/2025,09:23:32.631,NIFTY25NOVFUT,9485826,26104.0,75,390525,16810125,26104.0,26104.1,75,825
20/11/2025,09:23:32.983,NIFTY25NOVFUT,9485826,26104.0,75,390675,16810125,26104.0,26104.1,75,675
20/11/2025,09:23:35.696,NIFTY25NOVFUT,9485826,26104.0,75,390675,16810125,26104.0,26104.1,75,675
20/11/2025,09:23:35.981,NIFTY25NOVFUT,9485826,26104.0,75,392175,16810125,26102.0,26104.0,300,2400
20/11/2025,09:23:36.155,NIFTY25NOVFUT,9485826,26104.0,75,392175,16810125,26102.0,26104.0,300,2400
20/11/2025,09:23:36.525,NIFTY25NOVFUT,9485826,26102.0,75,392175,16810125,26102.0,26104.0,300,2400
20/11/2025,09:23:36.749,NIFTY25NOVFUT,9485826,26102.0,75,392175,16810125,26102.0,26104.0,300,2400
20/11/2025,09:23:37.332,NIFTY25NOVFUT,9485826,26103.4,150,392625,16810125,26101.9,26103.4,825,1350
20/11/2025,09:23:37.722,NIFTY25NOVFUT,9485826,26103.4,75,392625,16810125,26101.9,26103.4,825,1350
20/11/2025,09:23:38.540,NIFTY25NOVFUT,9485826,26103.4,225,392625,16810125,26101.9,26103.4,825,1350
20/11/2025,09:23:38.887,NIFTY25NOVFUT,9485826,26103.4,75,393075,16810125,26101.9,26103.4,300,2175
20/11/2025,09:23:39.162,NIFTY25NOVFUT,9485826,26101.8,150,393075,16810125,26101.9,26103.4,300,2175
20/11/2025,09:23:39.250,NIFTY25NOVFUT,9485826,26101.1,75,393075,16810125,26101.9,26103.4,300,2175
20/11/2025,09:23:39.963,NIFTY25NOVFUT,9485826,26102.0,225,395925,16810125,26101.7,26103.2,225,525
20/11/2025,09:23:40.625,NIFTY25NOVFUT,9485826,26102.0,225,395925,16810125,26101.7,26103.2,225,525
20/11/2025,09:23:40.767,NIFTY25NOVFUT,9485826,26102.0,225,395925,16810125,26101.7,26103.2,225,525
20/11/2025,09:23:41.265,NIFTY25NOVFUT,9485826,26103.2,75,398625,16810125,26101.9,26104.0,300,2475
20/11/2025,09:23:41.439,NIFTY25NOVFUT,9485826,26104.0,75,398625,16810125,26101.9,26104.0,300,2475
20/11/2025,09:23:45.382,NIFTY25NOVFUT,9485826,26101.0,75,398625,16810125,26101.9,26104.0,300,2475
20/11/2025,09:23:46.031,NIFTY25NOVFUT,9485826,26101.0,75,405000,16810125,26102.2,26104.0,225,450
20/11/2025,09:23:46.786,NIFTY25NOVFUT,9485826,26103.2,225,405000,16810125,26102.2,26104.0,225,450
20/11/2025,09:23:47.698,NIFTY25NOVFUT,9485826,26103.9,150,405525,16810125,26102.2,26104.0,225,900
20/11/2025,09:23:48.478,NIFTY25NOVFUT,9485826,26104.0,75,405525,16810125,26102.2,26104.0,225,900
20/11/2025,09:23:48.955,NIFTY25NOVFUT,9485826,26101.2,225,406125,16810125,26101.1,26103.8,75,300
20/11/2025,09:23:49.293,NIFTY25NOVFUT,9485826,26101.2,225,406125,16810125,26101.1,26103.8,75,300
20/11/2025,09:23:49.825,NIFTY25NOVFUT,9485826,26101.1,75,406125,16810125,26101.1,26103.8,75,300
20/11/2025,09:23:50.019,NIFTY25NOVFUT,9485826,26101.1,75,406200,16810125,26102.1,26103.4,75,75
20/11/2025,09:23:50.834,NIFTY25NOVFUT,9485826,26102.1,75,406200,16810125,26102.1,26103.4,75,75
20/11/2025,09:23:51.492,NIFTY25NOVFUT,9485826,26101.0,75,407400,16810125,26101.0,26101.8,1650,225
20/11/2025,09:23:51.755,NIFTY25NOVFUT,9485826,26101.0,75,407400,16810125,26101.0,26101.8,1650,225
20/11/2025,09:23:52.180,NIFTY25NOVFUT,9485826,26101.0,150,407400,16810125,26101.0,26101.8,1650,225
20/11/2025,09:23:52.834,NIFTY25NOVFUT,9485826,26101.0,75,408525,16810125,26101.0,26101.2,375,75
20/11/2025,09:23:53.005,NIFTY25NOVFUT,9485826,26101.8,75,408525,16810125,26101.0,26101.2,375,75
20/11/2025,09:23:53.918,NIFTY25NOVFUT,9485826,26101.8,75,411075,16810125,26101.0,26101.2,75,150
20/11/2025,09:23:54.033,NIFTY25NOVFUT,9485826,26101.8,75,411075,16810125,26101.0,26101.2,150,150
20/11/2025,09:23:54.523,NIFTY25NOVFUT,9485826,26101.1,75,411075,16810125,26101.0,26101.2,150,150
20/11/2025,09:23:54.973,NIFTY25NOVFUT,9485826,26101.0,75,411300,16810125,26101.0,26101.2,150,450
20/11/2025,09:23:55.119,NIFTY25NOVFUT,9485826,26101.0,75,411300,16810125,26101.0,26101.2,150,450
20/11/2025,09:23:55.838,NIFTY25NOVFUT,9485826,26101.2,75,411300,16810125,26101.0,26101.2,150,450
20/11/2025,09:23:56.257,NIFTY25NOVFUT,9485826,26101.0,75,413100,16810125,26101.0,26101.6,75,75
20/11/2025,09:23:56.502,NIFTY25NOVFUT,9485826,26101.0,75,413100,16810125,26101.0,26101.6,75,75
20/11/2025,09:23:57.452,NIFTY25NOVFUT,9485826,26104.0,75,413175,16810125,26101.1,26104.0,225,375
20/11/2025,09:23:58.456,NIFTY25NOVFUT,9485826,26101.1,150,413175,16810125,26101.1,26104.0,225,375
20/11/2025,09:23:59.420,NIFTY25NOVFUT,9485826,26101.1,75,413400,16810125,26101.3,26103.5,225,375
20/11/2025,09:23:59.730,NIFTY25NOVFUT,9485826,26101.1,75,413400,16810125,26101.3,26103.5,225,375
20/11/2025,09:24:00.408,NIFTY25NOVFUT,9485826,26101.0,75,413400,16810125,26101.3,26103.5,225,375
20/11/2025,09:24:00.696,NIFTY25NOVFUT,9485826,26100.0,75,413400,16810125,26101.3,26103.5,225,375
20/11/2025,09:24:00.960,NIFTY25NOVFUT,9485826,26099.0,75,418725,16810125,26098.2,26100.2,225,375
20/11/2025,09:24:01.410,NIFTY25NOVFUT,9485826,26098.2,75,418725,16810125,26098.2,26100.2,225,375
20/11/2025,09:24:02.750,NIFTY25NOVFUT,9485826,26098.1,75,420300,16810125,26098.1,26098.7,75,375
20/11/2025,09:24:04.176,NIFTY25NOVFUT,9485826,26100.5,75,420300,16810125,26098.1,26098.7,75,375
20/11/2025,09:24:04.615,NIFTY25NOVFUT,9485826,26096.5,75,425250,16810125,26096.5,26098.6,75,300
20/11/2025,09:24:05.535,NIFTY25NOVFUT,9485826,26098.6,300,425550,16810125,26096.5,26099.9,75,300
20/11/2025,09:24:06.969,NIFTY25NOVFUT,9485826,26098.6,300,425550,16810125,26096.5,26099.9,225,300
20/11/2025,09:24:07.262,NIFTY25NOVFUT,9485826,26099.9,150,425550,16810125,26096.5,26099.9,225,300
20/11/2025,09:24:07.926,NIFTY25NOVFUT,9485826,26099.6,75,425775,16810125,26096.5,26099.5,225,375
20/11/2025,09:24:08.427,NIFTY25NOVFUT,9485826,26096.4,75,425775,16810125,26096.5,26099.5,225,375
20/11/2025,09:24:08.719,NIFTY25NOVFUT,9485826,26096.3,75,425775,16810125,26096.5,26099.5,225,375
20/11/2025,09:24:09.169,NIFTY25NOVFUT,9485826,26096.0,75,426375,16810125,26096.4,26096.5,750,750
20/11/2025,09:24:09.440,NIFTY25NOVFUT,9485826,26096.4,75,426375,16810125,26096.4,26096.5,750,750
20/11/2025,09:24:10.426,NIFTY25NOVFUT,9485826,26095.2,75,426375,16810125,26096.4,26096.5,750,750
20/11/2025,09:24:10.935,NIFTY25NOVFUT,9485826,26095.2,75,427575,16810125,26096.3,26096.5,750,900
20/11/2025,09:24:11.663,NIFTY25NOVFUT,9485826,26096.5,75,427575,16810125,26096.3,26096.5,750,900
20/11/2025,09:24:12.670,NIFTY25NOVFUT,9485826,26095.1,75,428025,16810125,26095.1,26096.3,225,150
20/11/2025,09:24:13.448,NIFTY25NOVFUT,9485826,26095.1,75,428025,16810125,26095.1,26096.3,225,150
20/11/2025,09:24:14.179,NIFTY25NOVFUT,9485826,26095.1,75,428550,16810125,26095.1,26096.3,75,1350
20/11/2025,09:24:14.498,NIFTY25NOVFUT,9485826,26096.3,75,428550,16810125,26095.1,26096.3,75,1350
20/11/2025,09:24:16.301,NIFTY25NOVFUT,9485826,26095.0,75,428550,16810125,26095.1,26096.3,75,1350
20/11/2025,09:24:16.480,NIFTY25NOVFUT,9485826,26095.0,75,428550,16810125,26095.1,26096.3,75,1350
20/11/2025,09:24:16.723,NIFTY25NOVFUT,9485826,26095.2,75,428925,16810125,26095.2,26096.2,225,975
20/11/2025,09:24:17.151,NIFTY25NOVFUT,9485826,26096.1,150,428925,16810125,26095.2,26096.2,225,975
20/11/2025,09:24:17.786,NIFTY25NOVFUT,9485826,26096.1,75,428925,16810125,26095.2,26096.2,225,975
20/11/2025,09:24:17.884,NIFTY25NOVFUT,9485826,26096.1,75,429675,16810125,26095.2,26096.0,225,225
20/11/2025,09:24:18.672,NIFTY25NOVFUT,9485826,26096.1,75,429675,16810125,26095.2,26096.0,225,225
20/11/2025,09:24:19.227,NIFTY25NOVFUT,9485826,26096.1,75,430425,16810125,26095.2,26096.0,225,225
20/11/2025,09:24:20.420,NIFTY25NOVFUT,9485826,26096.0,75,430425,16810125,26095.2,26096.0,225,225
20/11/2025,09:24:20.911,NIFTY25NOVFUT,9485826,26096.0,75,430500,16810125,26095.3,26096.0,75,150
20/11/2025,09:24:21.441,NIFTY25NOVFUT,9485826,26095.3,75,430500,16810125,26095.3,26096.0,75,150
20/11/2025,09:24:21.737,NIFTY25NOVFUT,9485826,26095.3,75,430500,16810125,26095.3,26096.0,75,150
20/11/2025,09:24:22.503,NIFTY25NOVFUT,9485826,26096.0,75,430500,16810125,26095.3,26096.0,75,150
20/11/2025,09:24:22.728,NIFTY25NOVFUT,9485826,26096.0,75,430800,16810125,26096.0,26096.5,750,375
20/11/2025,09:24:23.476,NIFTY25NOVFUT,9485826,26096.0,300,430800,16810125,26096.0,26096.5,750,375
20/11/2025,09:24:24.169,NIFTY25NOVFUT,9485826,26095.2,600,431400,16810125,26096.0,26096.5,450,150
20/11/2025,09:24:24.908,NIFTY25NOVFUT,9485826,26095.2,75,431400,16810125,26096.0,26096.5,450,150
20/11/2025,09:24:25.946,NIFTY25NOVFUT,9485826,26095.2,75,433050,16810125,26095.1,26095.2,375,450
20/11/2025,09:24:26.246,NIFTY25NOVFUT,9485826,26095.2,75,433050,16810125,26095.1,26095.2,375,450
20/11/2025,09:24:26.517,NIFTY25NOVFUT,9485826,26095.2,75,433050,16810125,26095.1,26095.2,375,450
20/11/2025,09:24:27.419,NIFTY25NOVFUT,9485826,26095.2,150,433050,16810125,26095.1,26095.2,375,450
20/11/2025,09:24:27.683,NIFTY25NOVFUT,9485826,26096.5,75,433875,16810125,26095.2,26096.5,225,225
20/11/2025,09:24:28.449,NIFTY25NOVFUT,9485826,26100.0,75,433875,16810125,26095.2,26096.5,225,225
20/11/2025,09:24:29.221,NIFTY25NOVFUT,9485826,26094.4,225,442500,16810125,26094.5,26100.0,75,525
20/11/2025,09:24:29.435,NIFTY25NOVFUT,9485826,26094.4,225,442500,16810125,26094.5,26100.0,75,525
20/11/2025,09:24:30.433,NIFTY25NOVFUT,9485826,26100.0,75,442500,16810125,26094.5,26100.0,75,525
20/11/2025,09:24:30.996,NIFTY25NOVFUT,9485826,26100.0,75,442575,16810125,26098.7,26100.0,225,450
20/11/2025,09:24:31.463,NIFTY25NOVFUT,9485826,26100.0,75,442575,16810125,26098.7,26100.0,225,450
20/11/2025,09:24:32.936,NIFTY25NOVFUT,9485826,26100.0,75,442650,16810125,26098.1,26100.0,225,900
20/11/2025,09:24:34.079,NIFTY25NOVFUT,9485826,26095.1,75,442650,16810125,26098.1,26100.0,225,900
20/11/2025,09:24:34.512,NIFTY25NOVFUT,9485826,26095.1,75,445650,16810125,26095.7,26099.9,225,225
20/11/2025,09:24:35.292,NIFTY25NOVFUT,9485826,26095.8,75,445650,16810125,26095.7,26099.9,225,225
20/11/2025,09:24:36.191,NIFTY25NOVFUT,9485826,26098.1,75,445950,16810125,26098.0,26099.8,75,600
20/11/2025,09:24:37.197,NIFTY25NOVFUT,9485826,26099.7,75,445950,16810125,26098.0,26099.8,75,600
20/11/2025,09:24:37.443,NIFTY25NOVFUT,9485826,26099.7,75,446850,16810125,26099.3,26099.7,75,300
20/11/2025,09:24:37.659,NIFTY25NOVFUT,9485826,26099.7,75,446850,16810125,26099.4,26099.7,75,300
20/11/2025,09:24:38.462,NIFTY25NOVFUT,9485826,26099.5,75,446850,16810125,26099.4,26099.7,75,300
20/11/2025,09:24:38.999,NIFTY25NOVFUT,9485826,26099.5,75,446850,16810125,26099.4,26099.7,75,300
20/11/2025,09:24:39.167,NIFTY25NOVFUT,9485826,26099.4,75,447150,16810125,26099.5,26099.7,75,150
20/11/2025,09:24:39.451,NIFTY25NOVFUT,9485826,26099.7,75,447150,16810125,26099.5,26099.7,75,150
20/11/2025,09:24:40.437,NIFTY25NOVFUT,9485826,26100.0,75,447150,16810125,26099.5,26099.7,75,150
20/11/2025,09:24:40.945,NIFTY25NOVFUT,9485826,26100.0,75,447525,16810125,26099.4,26100.0,75,675
20/11/2025,09:24:41.721,NIFTY25NOVFUT,9485826,26099.5,75,447525,16810125,26099.4,26100.0,75,675
20/11/2025,09:24:42.461,NIFTY25NOVFUT,9485826,26100.0,75,447525,16810125,26099.4,26100.0,75,675
20/11/2025,09:24:42.676,NIFTY25NOVFUT,9485826,26104.0,75,448725,16810125,26101.1,26105.0,225,300
20/11/2025,09:24:43.665,NIFTY25NOVFUT,9485826,26104.0,75,448725,16810125,26101.1,26105.0,225,300
20/11/2025,09:24:44.199,NIFTY25NOVFUT,9485826,26104.0,75,448725,16810125,26101.3,26104.0,225,225
20/11/2025,09:24:45.215,NIFTY25NOVFUT,9485826,26104.0,225,448725,16810125,26101.3,26104.0,225,225
20/11/2025,09:24:45.673,NIFTY25NOVFUT,9485826,26105.1,75,448725,16810125,26101.3,26104.0,225,225
20/11/2025,09:24:46.030,NIFTY25NOVFUT,9485826,26106.3,75,450450,16810125,26106.3,26111.0,150,150
20/11/2025,09:24:46.450,NIFTY25NOVFUT,9485826,26106.3,75,450450,16810125,26106.3,26111.0,150,150
20/11/2025,09:24:47.657,NIFTY25NOVFUT,9485826,26110.0,75,450525,16810125,26106.3,26110.9,150,150
20/11/2025,09:24:48.466,NIFTY25NOVFUT,9485826,26110.9,75,450525,16810125,26106.3,26110.9,150,150
20/11/2025,09:24:49.200,NIFTY25NOVFUT,9485826,26110.9,75,451200,16810125,26107.5,26110.9,225,525
20/11/2025,09:24:49.445,NIFTY25NOVFUT,9485826,26110.9,75,451200,16810125,26107.5,26110.9,225,525
20/11/2025,09:24:50.702,NIFTY25NOVFUT,9485826,26108.9,75,451200,16810125,26107.5,26110.9,225,525
20/11/2025,09:24:50.975,NIFTY25NOVFUT,9485826,26108.9,75,451275,16810125,26108.9,26110.9,150,525
20/11/2025,09:24:52.176,NIFTY25NOVFUT,9485826,26110.9,75,451275,16810125,26108.9,26110.9,150,525
20/11/2025,09:24:52.678,NIFTY25NOVFUT,9485826,26107.1,75,452550,16810125,26107.3,26110.9,75,450
20/11/2025,09:24:53.757,NIFTY25NOVFUT,9485826,26110.8,150,452550,16810125,26107.3,26110.9,75,450
20/11/2025,09:24:54.179,NIFTY25NOVFUT,9485826,26108.0,75,452700,16810125,26108.0,26110.8,225,300
20/11/2025,09:24:54.680,NIFTY25NOVFUT,9485826,26108.0,75,452700,16810125,26108.0,26110.8,225,300
20/11/2025,09:24:55.948,NIFTY25NOVFUT,9485826,26108.0,75,452775,16810125,26108.0,26110.7,300,300
20/11/2025,09:24:56.664,NIFTY25NOVFUT,9485826,26107.6,75,452775,16810125,26108.0,26110.7,300,300
20/11/2025,09:24:57.696,NIFTY25NOVFUT,9485826,26107.6,75,454425,16810125,26110.0,26110.7,75,600
20/11/2025,09:24:58.160,NIFTY25NOVFUT,9485826,26110.0,75,454425,16810125,26110.0,26110.7,75,600
20/11/2025,09:24:58.463,NIFTY25NOVFUT,9485826,26110.6,75,454425,16810125,26110.0,26110.7,75,600
20/11/2025,09:24:59.456,NIFTY25NOVFUT,9485826,26115.0,75,455400,16810125,26110.4,26115.0,300,225
20/11/2025,09:24:59.666,NIFTY25NOVFUT,9485826,26115.7,75,455400,16810125,26110.4,26115.0,300,225
20/11/2025,09:25:00.453,NIFTY25NOVFUT,9485826,26115.7,75,455400,16810125,26110.4,26115.0,300,225
20/11/2025,09:25:00.952,NIFTY25NOVFUT,9485826,26110.4,75,455850,16810125,26110.3,26114.3,225,150
20/11/2025,09:25:01.178,NIFTY25NOVFUT,9485826,26110.4,75,455850,16810125,26110.3,26114.1,225,75
20/11/2025,09:25:01.810,NIFTY25NOVFUT,9485826,26110.3,75,455850,16810125,26110.3,26114.1,225,75
20/11/2025,09:25:02.780,NIFTY25NOVFUT,9485826,26110.8,150,456675,16810125,26107.0,26110.6,75,75
20/11/2025,09:25:03.842,NIFTY25NOVFUT,9485826,26106.3,75,456675,16810125,26107.0,26110.6,75,75
20/11/2025,09:25:04.497,NIFTY25NOVFUT,9485826,26109.8,75,457500,16810125,26105.2,26109.6,300,75
20/11/2025,09:25:04.929,NIFTY25NOVFUT,9485826,26109.8,75,457500,16810125,26105.2,26109.6,300,75
20/11/2025,09:25:05.854,NIFTY25NOVFUT,9485826,26109.6,300,457500,16810125,26105.2,26109.6,300,75
20/11/2025,09:25:06.123,NIFTY25NOVFUT,9485826,26109.6,300,457800,16810125,26106.3,26110.4,300,975
20/11/2025,09:25:07.213,NIFTY25NOVFUT,9485826,26106.2,75,457800,16810425,26106.3,26110.4,300,975
20/11/2025,09:25:07.450,NIFTY25NOVFUT,9485826,26105.0,75,457800,16810425,26106.3,26110.4,300,975
20/11/2025,09:25:08.036,NIFTY25NOVFUT,9485826,26105.0,75,458325,16810425,26105.0,26107.9,75,150
20/11/2025,09:25:08.699,NIFTY25NOVFUT,9485826,26104.9,75,458325,16810425,26105.0,26107.9,75,150
20/11/2025,09:25:09.066,NIFTY25NOVFUT,9485826,26104.7,75,458325,16810425,26105.0,26107.9,75,150
20/11/2025,09:25:09.571,NIFTY25NOVFUT,9485826,26104.0,75,458700,16810425,26100.2,26106.5,300,75
20/11/2025,09:25:09.791,NIFTY25NOVFUT,9485826,26104.0,75,458700,16810425,26100.2,26106.5,300,75
20/11/2025,09:25:10.273,NIFTY25NOVFUT,9485826,26100.1,75,458700,16810425,26100.2,26106.5,300,75
20/11/2025,09:25:10.541,NIFTY25NOVFUT,9485826,26100.1,75,458700,16810425,26100.2,26106.5,300,75
20/11/2025,09:25:11.277,NIFTY25NOVFUT,9485826,26106.1,75,458850,16810425,26102.6,26106.5,75,675
20/11/2025,09:25:11.717,NIFTY25NOVFUT,9485826,26106.1,75,458850,16810425,26102.6,26106.5,75,675
20/11/2025,09:25:12.442,NIFTY25NOVFUT,9485826,26106.0,225,458850,16810425,26102.6,26106.5,75,675
20/11/2025,09:25:12.705,NIFTY25NOVFUT,9485826,26106.4,75,459300,16810425,26106.0,26106.4,375,900
20/11/2025,09:25:13.452,NIFTY25NOVFUT,9485826,26106.4,75,459300,16810425,26106.0,26106.4,375,900
20/11/2025,09:25:13.754,NIFTY25NOVFUT,9485826,26106.4,75,459300,16810425,26106.0,26106.4,375,900
20/11/2025,09:25:14.233,NIFTY25NOVFUT,9485826,26106.4,75,459375,16810425,26106.0,26106.4,375,1425
20/11/2025,09:25:15.143,NIFTY25NOVFUT,9485826,26106.0,150,459375,16810425,26106.0,26106.4,375,1425
20/11/2025,09:25:15.426,NIFTY25NOVFUT,9485826,26102.6,75,459375,16810425,26106.0,26106.4,375,1425
20/11/2025,09:25:16.183,NIFTY25NOVFUT,9485826,26102.6,300,461100,16810425,26101.1,26102.6,300,1575
20/11/2025,09:25:16.480,NIFTY25NOVFUT,9485826,26102.6,300,461100,16810425,26101.1,26102.6,300,1575
20/11/2025,09:25:17.465,NIFTY25NOVFUT,9485826,26102.6,75,461100,16810425,26101.1,26102.6,300,1575
20/11/2025,09:25:17.745,NIFTY25NOVFUT,9485826,26101.2,75,461250,16810425,26101.1,26102.5,300,300
20/11/2025,09:25:18.463,NIFTY25NOVFUT,9485826,26101.2,75,461250,16810425,26101.1,26102.5,300,300
20/11/2025,09:25:19.223,NIFTY25NOVFUT,9485826,26102.5,150,461850,16810425,26101.1,26102.5,75,450
20/11/2025,09:25:19.670,NIFTY25NOVFUT,9485826,26102.5,150,461850,16810425,26101.1,26102.5,75,450
20/11/2025,09:25:20.675,NIFTY25NOVFUT,9485826,26101.1,75,461850,16810425,26101.1,26102.5,75,450
20/11/2025,09:25:20.999,NIFTY25NOVFUT,9485826,26101.1,75,462675,16810425,26101.0,26102.4,75,300
20/11/2025,09:25:21.206,NIFTY25NOVFUT,9485826,26101.1,75,462675,16810425,26101.0,26102.4,75,300
20/11/2025,09:25:21.424,NIFTY25NOVFUT,9485826,26100.0,225,462675,16810425,26101.0,26102.4,75,300
20/11/2025,09:25:21.709,NIFTY25NOVFUT,9485826,26100.0,75,462675,16810425,26101.0,26102.4,75,300
20/11/2025,09:25:22.451,NIFTY25NOVFUT,9485826,26102.5,75,462675,16810425,26101.0,26102.4,75,300
20/11/2025,09:25:22.717,NIFTY25NOVFUT,9485826,26102.5,75,465300,16810425,26100.1,26102.3,225,150
20/11/2025,09:25:23.711,NIFTY25NOVFUT,9485826,26102.4,75,465300,16810425,26100.1,26102.3,225,150
20/11/2025,09:25:24.439,NIFTY25NOVFUT,9485826,26107.5,75,466350,16810425,26102.7,26107.1,225,675
20/11/2025,09:25:24.486,NIFTY25NOVFUT,9485826,26107.5,75,466350,16810425,26102.7,26107.1,225,675
20/11/2025,09:25:25.416,NIFTY25NOVFUT,9485826,26108.7,75,466350,16810425,26102.7,26107.1,225,675
20/11/2025,09:25:25.682,NIFTY25NOVFUT,9485826,26108.7,75,466350,16810425,26102.7,26107.1,225,675
20/11/2025,09:25:26.213,NIFTY25NOVFUT,9485826,26107.7,75,466575,16810425,26105.4,26108.2,225,150
20/11/2025,09:25:26.461,NIFTY25NOVFUT,9485826,26105.2,75,466575,16810425,26105.4,26108.2,225,150
20/11/2025,09:25:27.445,NIFTY25NOVFUT,9485826,26108.7,75,466575,16810425,26105.4,26108.2,225,150
20/11/2025,09:25:27.693,NIFTY25NOVFUT,9485826,26105.2,75,466800,16810425,26105.2,26107.9,150,150
20/11/2025,09:25:28.428,NIFTY25NOVFUT,9485826,26105.2,75,466800,16810425,26105.2,26107.9,150,150
20/11/2025,09:25:29.417,NIFTY25NOVFUT,9485826,26105.2,75,466950,16810425,26105.1,26107.9,825,300
20/11/2025,09:25:30.011,NIFTY25NOVFUT,9485826,26107.9,75,466950,16810425,26105.1,26107.9,825,300
20/11/2025,09:25:31.486,NIFTY25NOVFUT,9485826,26107.9,75,467025,16810425,26105.1,26107.9,75,525
20/11/2025,09:25:32.578,NIFTY25NOVFUT,9485826,26105.1,75,467025,16810425,26105.1,26107.9,75,525
20/11/2025,09:25:33.056,NIFTY25NOVFUT,9485826,26105.0,75,467325,16810425,26105.0,26107.7,600,300
20/11/2025,09:25:34.703,NIFTY25NOVFUT,9485826,26105.7,150,467325,16810425,26105.0,26107.7,75,900
20/11/2025,09:25:36.919,NIFTY25NOVFUT,9485826,26105.0,150,467550,16810425,26105.0,26107.6,300,1125
20/11/2025,09:25:38.667,NIFTY25NOVFUT,9485826,26107.5,75,467850,16810425,26105.0,26107.5,150,600
20/11/2025,09:25:39.438,NIFTY25NOVFUT,9485826,26107.5,75,467850,16810425,26105.1,26107.3,225,225
20/11/2025,09:25:41.172,NIFTY25NOVFUT,9485826,26107.5,75,467850,16810425,26105.1,26107.3,225,825
20/11/2025,09:25:41.813,NIFTY25NOVFUT,9485826,26105.1,75,467850,16810425,26105.1,26107.3,225,825
20/11/2025,09:25:42.697,NIFTY25NOVFUT,9485826,26105.1,75,467925,16810425,26105.1,26107.3,150,1050
20/11/2025,09:25:43.461,NIFTY25NOVFUT,9485826,26105.1,375,467925,16810425,26105.1,26107.3,150,1050
20/11/2025,09:25:44.446,NIFTY25NOVFUT,9485826,26105.0,75,468750,16810425,26105.0,26105.1,150,900
20/11/2025,09:25:45.455,NIFTY25NOVFUT,9485826,26105.0,75,468750,16810425,26105.0,26105.1,150,900
20/11/2025,09:25:46.184,NIFTY25NOVFUT,9485826,26105.1,75,469500,16810425,26104.0,26105.1,75,1200
20/11/2025,09:25:46.689,NIFTY25NOVFUT,9485826,26108.0,75,469500,16810425,26104.0,26105.1,75,1200
20/11/2025,09:25:47.493,NIFTY25NOVFUT,9485826,26106.4,75,469500,16810425,26104.0,26105.1,75,1200
20/11/2025,09:25:48.024,NIFTY25NOVFUT,9485826,26106.4,75,470850,16810425,26106.8,26108.0,300,75
20/11/2025,09:25:48.446,NIFTY25NOVFUT,9485826,26108.0,75,470850,16810425,26106.8,26108.0,300,75
20/11/2025,09:25:49.431,NIFTY25NOVFUT,9485826,26108.0,75,470925,16810425,26108.6,26110.0,150,225
20/11/2025,09:25:49.930,NIFTY25NOVFUT,9485826,26110.0,75,470925,16810425,26108.6,26110.0,150,225
