Date,Time,Trading_Symbol,Instrument_Token,LTP,LTQ,Volume,Open_Interest,BestBid,BestAsk,BidSize,AskSize,DateTime
19/11/2025,08:46:57.236,NIFTY25NOVFUT,9485826,25948.8,75,0,17610000,0.0,0.0,0,0,2025-11-19 08:46:57.236
19/11/2025,09:10:00.356,NIFTY25NOVFUT,9485826,25948.8,75,0,17610000,0.0,0.0,0,0,2025-11-19 09:10:00.356
19/11/2025,09:15:00.066,NIFTY25NOVFUT,9485826,25940.0,75,2925,17610000,25933.6,25945.2,300,300,2025-11-19 09:15:00.066
19/11/2025,09:15:00.303,NIFTY25NOVFUT,9485826,25940.0,75,2925,17610000,25933.6,25945.2,300,300,2025-11-19 09:15:00.303
19/11/2025,09:15:01.051,NIFTY25NOVFUT,9485826,25916.7,75,2925,17610000,25933.6,25945.2,300,300,2025-11-19 09:15:01.051
19/11/2025,09:15:01.532,NIFTY25NOVFUT,9485826,25924.3,75,5025,17610000,25915.0,25928.5,300,150,2025-11-19 09:15:01.532
19/11/2025,09:15:02.023,NIFTY25NOVFUT,9485826,25912.5,75,5025,17610000,25915.0,25928.5,300,150,2025-11-19 09:15:02.023
19/11/2025,09:15:03.049,NIFTY25NOVFUT,9485826,25911.5,75,8700,17610000,25911.5,25919.1,375,75,2025-11-19 09:15:03.049
19/11/2025,09:15:04.320,NIFTY25NOVFUT,9485826,25911.8,75,8700,17610000,25911.5,25919.1,375,75,2025-11-19 09:15:04.320
19/11/2025,09:15:05.072,NIFTY25NOVFUT,9485826,25910.4,75,12525,17610000,25910.4,25910.5,75,75,2025-11-19 09:15:05.072
19/11/2025,09:15:05.312,NIFTY25NOVFUT,9485826,25905.0,75,12525,17610000,25910.4,25910.5,75,75,2025-11-19 09:15:05.312
19/11/2025,09:15:06.079,NIFTY25NOVFUT,9485826,25903.5,150,12525,17610000,25910.4,25910.5,75,75,2025-11-19 09:15:06.079
19/11/2025,09:15:06.528,NIFTY25NOVFUT,9485826,25900.0,75,20175,17610000,25900.1,25902.5,150,75,2025-11-19 09:15:06.528
19/11/2025,09:15:07.042,NIFTY25NOVFUT,9485826,25900.1,75,20175,17610000,25900.1,25902.5,150,75,2025-11-19 09:15:07.042
19/11/2025,09:15:07.319,NIFTY25NOVFUT,9485826,25903.0,75,20175,17610000,25900.1,25902.5,150,75,2025-11-19 09:15:07.319
19/11/2025,09:15:08.036,NIFTY25NOVFUT,9485826,25904.1,75,22800,17610000,25900.1,25904.3,75,75,2025-11-19 09:15:08.036
19/11/2025,09:15:08.284,NIFTY25NOVFUT,9485826,25903.8,75,22800,17610000,25900.1,25904.3,75,75,2025-11-19 09:15:08.284
19/11/2025,09:15:09.060,NIFTY25NOVFUT,9485826,25900.1,75,22800,17610000,25900.1,25904.3,75,75,2025-11-19 09:15:09.060
19/11/2025,09:15:09.778,NIFTY25NOVFUT,9485826,25901.0,225,24450,17610000,25900.0,25901.8,75,75,2025-11-19 09:15:09.778
19/11/2025,09:15:10.060,NIFTY25NOVFUT,9485826,25899.5,150,24450,17610000,25900.0,25901.8,75,75,2025-11-19 09:15:10.060
19/11/2025,09:15:10.312,NIFTY25NOVFUT,9485826,25899.5,150,24450,17610000,25900.0,25901.8,75,75,2025-11-19 09:15:10.312
19/11/2025,09:15:11.082,NIFTY25NOVFUT,9485826,25898.9,75,24450,17610000,25900.0,25901.8,75,75,2025-11-19 09:15:11.082
19/11/2025,09:15:11.541,NIFTY25NOVFUT,9485826,25899.5,75,26475,17610000,25901.8,25903.3,675,150,2025-11-19 09:15:11.541
19/11/2025,09:15:12.333,NIFTY25NOVFUT,9485826,25907.0,450,26475,17610000,25901.8,25903.3,675,150,2025-11-19 09:15:12.333
19/11/2025,09:15:13.051,NIFTY25NOVFUT,9485826,25903.3,225,32775,17610000,25903.3,25906.2,600,225,2025-11-19 09:15:13.051
19/11/2025,09:15:13.412,NIFTY25NOVFUT,9485826,25906.8,75,32775,17610000,25903.3,25906.2,600,225,2025-11-19 09:15:13.412
19/11/2025,09:15:14.102,NIFTY25NOVFUT,9485826,25903.8,75,32775,17610000,25903.3,25906.2,600,225,2025-11-19 09:15:14.102
19/11/2025,09:15:14.583,NIFTY25NOVFUT,9485826,25903.8,75,36675,17610000,25900.0,25904.4,2250,75,2025-11-19 09:15:14.583
19/11/2025,09:15:14.844,NIFTY25NOVFUT,9485826,25905.1,75,37575,17610000,25900.0,25905.6,2250,150,2025-11-19 09:15:14.844
19/11/2025,09:15:15.279,NIFTY25NOVFUT,9485826,25904.8,150,37575,17610000,25900.0,25905.6,2250,150,2025-11-19 09:15:15.279
19/11/2025,09:15:16.336,NIFTY25NOVFUT,9485826,25900.0,75,40425,17610000,25900.1,25901.4,450,150,2025-11-19 09:15:16.336
19/11/2025,09:15:16.574,NIFTY25NOVFUT,9485826,25900.1,150,40575,17610000,25900.1,25901.3,300,75,2025-11-19 09:15:16.574
19/11/2025,09:15:17.086,NIFTY25NOVFUT,9485826,25890.0,75,40575,17610000,25900.1,25901.3,300,75,2025-11-19 09:15:17.086
19/11/2025,09:15:17.313,NIFTY25NOVFUT,9485826,25890.1,75,40575,17610000,25900.1,25901.3,300,75,2025-11-19 09:15:17.313
19/11/2025,09:15:18.037,NIFTY25NOVFUT,9485826,25892.6,75,46800,17610000,25890.2,25892.6,75,600,2025-11-19 09:15:18.037
19/11/2025,09:15:18.320,NIFTY25NOVFUT,9485826,25890.2,75,46800,17610000,25890.2,25892.6,75,600,2025-11-19 09:15:18.320
19/11/2025,09:15:19.405,NIFTY25NOVFUT,9485826,25890.0,75,46800,17610000,25890.2,25892.6,75,600,2025-11-19 09:15:19.405
19/11/2025,09:15:19.604,NIFTY25NOVFUT,9485826,25900.0,75,48525,17610000,25894.1,25900.0,75,975,2025-11-19 09:15:19.604
19/11/2025,09:15:20.045,NIFTY25NOVFUT,9485826,25900.0,75,48525,17610000,25894.1,25900.0,75,975,2025-11-19 09:15:20.045
19/11/2025,09:15:20.389,NIFTY25NOVFUT,9485826,25895.4,75,48525,17610000,25894.1,25900.0,75,975,2025-11-19 09:15:20.389
19/11/2025,09:15:21.301,NIFTY25NOVFUT,9485826,25902.4,75,50325,17610000,25900.8,25902.2,450,75,2025-11-19 09:15:21.301
19/11/2025,09:15:22.032,NIFTY25NOVFUT,9485826,25895.5,75,50325,17610000,25900.8,25902.2,450,75,2025-11-19 09:15:22.032
19/11/2025,09:15:22.327,NIFTY25NOVFUT,9485826,25895.2,75,50325,17610000,25900.8,25902.2,450,75,2025-11-19 09:15:22.327
19/11/2025,09:15:22.766,NIFTY25NOVFUT,9485826,25895.8,150,53400,17610000,25895.8,25902.4,75,75,2025-11-19 09:15:22.766
19/11/2025,09:15:23.300,NIFTY25NOVFUT,9485826,25900.2,75,53400,17610000,25895.8,25902.4,75,75,2025-11-19 09:15:23.300
19/11/2025,09:15:24.072,NIFTY25NOVFUT,9485826,25900.1,75,53400,17610000,25895.8,25902.4,75,75,2025-11-19 09:15:24.072
19/11/2025,09:15:24.286,NIFTY25NOVFUT,9485826,25901.3,75,55425,17610000,25900.2,25904.5,75,75,2025-11-19 09:15:24.286
19/11/2025,09:15:24.771,NIFTY25NOVFUT,9485826,25904.5,75,55500,17610000,25900.2,25904.5,75,75,2025-11-19 09:15:24.771
19/11/2025,09:15:25.066,NIFTY25NOVFUT,9485826,25897.2,75,55500,17610000,25900.2,25904.5,75,75,2025-11-19 09:15:25.066
19/11/2025,09:15:25.336,NIFTY25NOVFUT,9485826,25897.7,75,55500,17610000,25900.2,25904.5,75,75,2025-11-19 09:15:25.336
19/11/2025,09:15:26.018,NIFTY25NOVFUT,9485826,25897.6,75,57450,17610000,25897.6,25898.9,225,525,2025-11-19 09:15:26.018
19/11/2025,09:15:27.281,NIFTY25NOVFUT,9485826,25900.0,525,57450,17610000,25897.6,25898.9,225,525,2025-11-19 09:15:27.281
19/11/2025,09:15:27.606,NIFTY25NOVFUT,9485826,25899.0,75,59100,17610000,25899.1,25900.0,150,13950,2025-11-19 09:15:27.606
19/11/2025,09:15:28.047,NIFTY25NOVFUT,9485826,25900.0,900,59100,17610000,25899.1,25900.0,150,13950,2025-11-19 09:15:28.047
19/11/2025,09:15:28.348,NIFTY25NOVFUT,9485826,25900.0,900,59100,17610000,25899.1,25900.0,150,13950,2025-11-19 09:15:28.348
19/11/2025,09:15:29.316,NIFTY25NOVFUT,9485826,25907.0,75,74775,17610000,25903.0,25908.8,150,300,2025-11-19 09:15:29.316
19/11/2025,09:15:29.761,NIFTY25NOVFUT,9485826,25903.0,75,74850,17610000,25903.0,25908.8,75,300,2025-11-19 09:15:29.761
19/11/2025,09:15:30.054,NIFTY25NOVFUT,9485826,25903.0,75,74850,17610000,25903.0,25908.8,75,300,2025-11-19 09:15:30.054
19/11/2025,09:15:30.499,NIFTY25NOVFUT,9485826,25905.4,150,74850,17610000,25903.0,25908.8,75,300,2025-11-19 09:15:30.499
19/11/2025,09:15:31.243,NIFTY25NOVFUT,9485826,25908.8,75,75975,17610000,25908.5,25908.8,75,75,2025-11-19 09:15:31.243
19/11/2025,09:15:31.512,NIFTY25NOVFUT,9485826,25908.8,75,75975,17610000,25908.5,25908.8,75,75,2025-11-19 09:15:31.512
19/11/2025,09:15:32.433,NIFTY25NOVFUT,9485826,25908.5,75,75975,17610000,25908.5,25908.8,75,75,2025-11-19 09:15:32.433
19/11/2025,09:15:32.773,NIFTY25NOVFUT,9485826,25904.5,75,79950,17610000,25909.0,25909.6,75,75,2025-11-19 09:15:32.773
19/11/2025,09:15:33.299,NIFTY25NOVFUT,9485826,25909.0,75,79950,17610000,25909.0,25909.6,75,75,2025-11-19 09:15:33.299
19/11/2025,09:15:34.084,NIFTY25NOVFUT,9485826,25910.0,150,81825,17610000,25908.8,25910.0,825,2175,2025-11-19 09:15:34.084
19/11/2025,09:15:34.364,NIFTY25NOVFUT,9485826,25908.8,225,82125,17610000,25908.8,25910.0,600,2100,2025-11-19 09:15:34.364
19/11/2025,09:15:35.039,NIFTY25NOVFUT,9485826,25910.0,75,82125,17610000,25908.8,25910.0,600,2100,2025-11-19 09:15:35.039
19/11/2025,09:15:35.442,NIFTY25NOVFUT,9485826,25910.0,75,82125,17610000,25908.8,25910.0,600,2100,2025-11-19 09:15:35.442
19/11/2025,09:15:35.856,NIFTY25NOVFUT,9485826,25908.8,1125,87075,17610000,25907.4,25911.8,225,150,2025-11-19 09:15:35.856
19/11/2025,09:15:36.139,NIFTY25NOVFUT,9485826,25911.8,75,87075,17610000,25907.4,25911.8,225,150,2025-11-19 09:15:36.139
19/11/2025,09:15:36.461,NIFTY25NOVFUT,9485826,25910.0,75,87075,17610000,25907.4,25911.8,225,150,2025-11-19 09:15:36.461
19/11/2025,09:15:37.356,NIFTY25NOVFUT,9485826,25912.3,225,87075,17610000,25907.4,25911.8,225,150,2025-11-19 09:15:37.356
19/11/2025,09:15:37.558,NIFTY25NOVFUT,9485826,25916.5,150,88950,17610000,25912.2,25916.6,150,75,2025-11-19 09:15:37.558
19/11/2025,09:15:38.132,NIFTY25NOVFUT,9485826,25916.5,150,88950,17610000,25912.2,25916.6,150,75,2025-11-19 09:15:38.132
19/11/2025,09:15:38.182,NIFTY25NOVFUT,9485826,25909.0,75,88950,17610000,25912.2,25916.6,150,75,2025-11-19 09:15:38.182
19/11/2025,09:15:39.080,NIFTY25NOVFUT,9485826,25905.5,225,91725,17610000,25905.3,25910.0,150,1425,2025-11-19 09:15:39.080
19/11/2025,09:15:39.443,NIFTY25NOVFUT,9485826,25910.0,75,91875,17610000,25905.3,25910.0,150,1275,2025-11-19 09:15:39.443
19/11/2025,09:15:40.055,NIFTY25NOVFUT,9485826,25910.0,150,91875,17610000,25905.3,25910.0,150,1275,2025-11-19 09:15:40.055
19/11/2025,09:15:40.530,NIFTY25NOVFUT,9485826,25909.1,300,91875,17610000,25905.3,25910.0,150,1275,2025-11-19 09:15:40.530
19/11/2025,09:15:40.851,NIFTY25NOVFUT,9485826,25917.0,150,95925,17610000,25915.0,25917.0,300,450,2025-11-19 09:15:40.851
19/11/2025,09:15:41.271,NIFTY25NOVFUT,9485826,25915.0,150,95925,17610000,25915.0,25917.0,300,450,2025-11-19 09:15:41.271
19/11/2025,09:15:42.313,NIFTY25NOVFUT,9485826,25917.0,450,97350,17610000,25914.5,25919.7,150,75,2025-11-19 09:15:42.313
19/11/2025,09:15:43.266,NIFTY25NOVFUT,9485826,25912.6,225,97350,17610000,25914.5,25919.7,150,75,2025-11-19 09:15:43.266
19/11/2025,09:15:44.048,NIFTY25NOVFUT,9485826,25920.0,75,98250,17610000,25917.0,25920.0,150,900,2025-11-19 09:15:44.048
19/11/2025,09:15:44.319,NIFTY25NOVFUT,9485826,25920.0,75,98250,17610000,25917.0,25920.0,150,900,2025-11-19 09:15:44.319
19/11/2025,09:15:44.551,NIFTY25NOVFUT,9485826,25920.0,75,98250,17610000,25917.0,25920.0,150,900,2025-11-19 09:15:44.551
19/11/2025,09:15:45.061,NIFTY25NOVFUT,9485826,25920.0,150,98250,17610000,25917.0,25920.0,150,900,2025-11-19 09:15:45.061
19/11/2025,09:15:45.580,NIFTY25NOVFUT,9485826,25920.0,150,98250,17610000,25917.0,25920.0,150,900,2025-11-19 09:15:45.580
19/11/2025,09:15:45.783,NIFTY25NOVFUT,9485826,25919.0,75,98700,17610000,25917.1,25919.0,150,75,2025-11-19 09:15:45.783
19/11/2025,09:15:46.460,NIFTY25NOVFUT,9485826,25919.0,75,98700,17610000,25917.1,25919.0,150,75,2025-11-19 09:15:46.460
19/11/2025,09:15:47.094,NIFTY25NOVFUT,9485826,25921.8,75,98700,17610000,25917.1,25919.0,150,75,2025-11-19 09:15:47.094
19/11/2025,09:15:47.563,NIFTY25NOVFUT,9485826,25917.2,150,101100,17610000,25917.1,25921.7,150,75,2025-11-19 09:15:47.563
19/11/2025,09:15:48.344,NIFTY25NOVFUT,9485826,25919.0,75,101100,17610000,25917.1,25921.7,150,75,2025-11-19 09:15:48.344
19/11/2025,09:15:49.312,NIFTY25NOVFUT,9485826,25917.1,750,103275,17610000,25920.6,25924.0,300,150,2025-11-19 09:15:49.312
19/11/2025,09:15:49.524,NIFTY25NOVFUT,9485826,25924.4,75,103275,17610000,25920.6,25924.0,300,150,2025-11-19 09:15:49.524
19/11/2025,09:15:50.319,NIFTY25NOVFUT,9485826,25925.0,75,103275,17610000,25920.6,25924.0,300,150,2025-11-19 09:15:50.319
19/11/2025,09:15:50.809,NIFTY25NOVFUT,9485826,25922.0,75,103725,17610000,25922.0,25925.0,600,75,2025-11-19 09:15:50.809
19/11/2025,09:15:51.067,NIFTY25NOVFUT,9485826,25922.0,75,103725,17610000,25922.0,25925.0,600,75,2025-11-19 09:15:51.067
19/11/2025,09:15:51.501,NIFTY25NOVFUT,9485826,25925.8,75,103725,17610000,25922.0,25925.0,600,75,2025-11-19 09:15:51.501
19/11/2025,09:15:52.019,NIFTY25NOVFUT,9485826,25925.8,75,103725,17610000,25922.0,25925.0,600,75,2025-11-19 09:15:52.019
19/11/2025,09:15:52.361,NIFTY25NOVFUT,9485826,25929.0,75,104850,17610000,25926.1,25930.0,300,675,2025-11-19 09:15:52.361
19/11/2025,09:15:52.639,NIFTY25NOVFUT,9485826,25929.9,225,105075,17610000,25926.1,25930.0,300,675,2025-11-19 09:15:52.639
19/11/2025,09:15:53.319,NIFTY25NOVFUT,9485826,25929.9,225,105075,17610000,25926.1,25930.0,300,675,2025-11-19 09:15:53.319
19/11/2025,09:15:53.591,NIFTY25NOVFUT,9485826,25928.1,75,105075,17610000,25926.1,25930.0,300,675,2025-11-19 09:15:53.591
19/11/2025,09:15:54.349,NIFTY25NOVFUT,9485826,25925.0,75,105525,17610000,25923.9,25926.1,75,75,2025-11-19 09:15:54.349
19/11/2025,09:15:55.034,NIFTY25NOVFUT,9485826,25925.7,75,105525,17610000,25923.9,25926.1,75,75,2025-11-19 09:15:55.034
19/11/2025,09:15:55.295,NIFTY25NOVFUT,9485826,25925.7,75,105525,17610000,25923.9,25926.1,75,75,2025-11-19 09:15:55.295
19/11/2025,09:15:55.789,NIFTY25NOVFUT,9485826,25923.7,75,106950,17610000,25922.3,25923.5,75,75,2025-11-19 09:15:55.789
19/11/2025,09:15:56.029,NIFTY25NOVFUT,9485826,25923.8,225,106950,17610000,25922.3,25923.5,75,75,2025-11-19 09:15:56.029
19/11/2025,09:15:56.550,NIFTY25NOVFUT,9485826,25924.1,75,106950,17610000,25922.3,25923.5,75,75,2025-11-19 09:15:56.550
19/11/2025,09:15:57.380,NIFTY25NOVFUT,9485826,25922.0,75,106950,17610000,25922.3,25923.5,75,75,2025-11-19 09:15:57.380
19/11/2025,09:15:58.305,NIFTY25NOVFUT,9485826,25923.8,75,107625,17610000,25922.0,25924.2,150,75,2025-11-19 09:15:58.305
19/11/2025,09:15:59.289,NIFTY25NOVFUT,9485826,25923.0,75,108300,17610000,25922.0,25925.0,450,150,2025-11-19 09:15:59.289
19/11/2025,09:16:00.113,NIFTY25NOVFUT,9485826,25923.0,75,108300,17610000,25922.0,25925.0,450,150,2025-11-19 09:16:00.113
19/11/2025,09:16:00.471,NIFTY25NOVFUT,9485826,25923.8,150,108300,17610000,25922.0,25925.0,450,150,2025-11-19 09:16:00.471
19/11/2025,09:16:01.339,NIFTY25NOVFUT,9485826,25928.1,75,109725,17610000,25924.0,25929.0,75,75,2025-11-19 09:16:01.339
19/11/2025,09:16:01.632,NIFTY25NOVFUT,9485826,25929.6,75,109725,17610000,25924.0,25929.0,75,75,2025-11-19 09:16:01.632
19/11/2025,09:16:03.084,NIFTY25NOVFUT,9485826,25930.0,75,110850,17610000,25927.6,25930.0,225,75,2025-11-19 09:16:03.084
19/11/2025,09:16:04.344,NIFTY25NOVFUT,9485826,25930.0,75,110850,17583675,25927.6,25930.0,225,75,2025-11-19 09:16:04.344
19/11/2025,09:16:05.431,NIFTY25NOVFUT,9485826,25929.7,75,111975,17583675,25929.7,25933.9,150,375,2025-11-19 09:16:05.431
19/11/2025,09:16:05.752,NIFTY25NOVFUT,9485826,25929.6,150,111975,17583675,25929.7,25933.9,150,375,2025-11-19 09:16:05.752
19/11/2025,09:16:06.588,NIFTY25NOVFUT,9485826,25933.0,75,111975,17583675,25929.7,25933.9,150,375,2025-11-19 09:16:06.588
19/11/2025,09:16:07.074,NIFTY25NOVFUT,9485826,25933.0,75,112500,17583675,25929.8,25933.9,525,375,2025-11-19 09:16:07.074
19/11/2025,09:16:07.349,NIFTY25NOVFUT,9485826,25933.9,75,112500,17583675,25929.8,25933.9,525,375,2025-11-19 09:16:07.349
19/11/2025,09:16:07.782,NIFTY25NOVFUT,9485826,25930.9,75,112500,17583675,25929.8,25933.9,525,375,2025-11-19 09:16:07.782
19/11/2025,09:16:08.098,NIFTY25NOVFUT,9485826,25930.9,75,114000,17583675,25931.9,25936.0,75,75,2025-11-19 09:16:08.098
19/11/2025,09:16:08.927,NIFTY25NOVFUT,9485826,25930.7,75,114000,17583675,25931.9,25936.0,75,75,2025-11-19 09:16:08.927
19/11/2025,09:16:09.025,NIFTY25NOVFUT,9485826,25930.7,75,114000,17583675,25931.9,25936.0,75,75,2025-11-19 09:16:09.025
19/11/2025,09:16:09.829,NIFTY25NOVFUT,9485826,25930.0,75,115200,17583675,25930.1,25936.9,150,300,2025-11-19 09:16:09.829
19/11/2025,09:16:10.106,NIFTY25NOVFUT,9485826,25930.0,75,115200,17583675,25930.1,25936.9,150,300,2025-11-19 09:16:10.106
19/11/2025,09:16:11.106,NIFTY25NOVFUT,9485826,25931.5,75,115200,17583675,25930.1,25936.9,150,300,2025-11-19 09:16:11.106
19/11/2025,09:16:11.458,NIFTY25NOVFUT,9485826,25930.5,75,115500,17583675,25933.9,25935.0,75,450,2025-11-19 09:16:11.458
19/11/2025,09:16:11.539,NIFTY25NOVFUT,9485826,25933.9,75,115575,17583675,25930.5,25935.0,225,450,2025-11-19 09:16:11.539
19/11/2025,09:16:11.954,NIFTY25NOVFUT,9485826,25933.9,75,115575,17583675,25930.5,25935.0,225,450,2025-11-19 09:16:11.954
19/11/2025,09:16:13.572,NIFTY25NOVFUT,9485826,25932.7,75,115575,17583675,25930.5,25935.0,225,450,2025-11-19 09:16:13.572
19/11/2025,09:16:14.037,NIFTY25NOVFUT,9485826,25930.9,75,116475,17583675,25926.0,25932.3,75,300,2025-11-19 09:16:14.037
19/11/2025,09:16:15.132,NIFTY25NOVFUT,9485826,25930.9,75,116475,17583675,25926.0,25932.3,75,300,2025-11-19 09:16:15.132
19/11/2025,09:16:16.289,NIFTY25NOVFUT,9485826,25935.0,75,117450,17583675,25930.1,25937.0,225,975,2025-11-19 09:16:16.289
19/11/2025,09:16:16.556,NIFTY25NOVFUT,9485826,25930.1,75,117450,17583675,25930.1,25937.0,225,975,2025-11-19 09:16:16.556
19/11/2025,09:16:17.530,NIFTY25NOVFUT,9485826,25937.0,75,117450,17583675,25930.1,25937.0,225,975,2025-11-19 09:16:17.530
19/11/2025,09:16:17.868,NIFTY25NOVFUT,9485826,25937.0,75,117900,17583675,25932.1,25937.0,225,750,2025-11-19 09:16:17.868
19/11/2025,09:16:18.066,NIFTY25NOVFUT,9485826,25937.0,75,117900,17583675,25932.1,25937.0,225,750,2025-11-19 09:16:18.066
19/11/2025,09:16:18.212,NIFTY25NOVFUT,9485826,25937.0,75,117900,17583675,25932.1,25937.0,225,750,2025-11-19 09:16:18.212
19/11/2025,09:16:18.680,NIFTY25NOVFUT,9485826,25937.0,75,117900,17583675,25932.1,25937.0,225,750,2025-11-19 09:16:18.680
19/11/2025,09:16:18.754,NIFTY25NOVFUT,9485826,25933.9,75,118425,17583675,25933.9,25937.0,225,450,2025-11-19 09:16:18.754
19/11/2025,09:16:19.373,NIFTY25NOVFUT,9485826,25933.9,75,118425,17583675,25933.9,25937.0,225,450,2025-11-19 09:16:19.373
19/11/2025,09:16:19.657,NIFTY25NOVFUT,9485826,25933.9,75,118425,17583675,25933.9,25937.0,225,450,2025-11-19 09:16:19.657
19/11/2025,09:16:20.180,NIFTY25NOVFUT,9485826,25935.3,150,119775,17583675,25927.3,25935.3,75,600,2025-11-19 09:16:20.180
19/11/2025,09:16:20.414,NIFTY25NOVFUT,9485826,25935.3,150,119775,17583675,25927.3,25935.3,75,600,2025-11-19 09:16:20.414
19/11/2025,09:16:21.282,NIFTY25NOVFUT,9485826,25927.8,225,119775,17583675,25927.3,25935.3,75,600,2025-11-19 09:16:21.282
19/11/2025,09:16:21.892,NIFTY25NOVFUT,9485826,25935.0,75,120525,17583675,25930.0,25935.0,225,525,2025-11-19 09:16:21.892
19/11/2025,09:16:22.984,NIFTY25NOVFUT,9485826,25930.5,225,120525,17583675,25930.0,25935.0,225,525,2025-11-19 09:16:22.984
19/11/2025,09:16:23.441,NIFTY25NOVFUT,9485826,25930.5,225,120525,17583675,25930.0,25935.0,225,525,2025-11-19 09:16:23.441
19/11/2025,09:16:23.832,NIFTY25NOVFUT,9485826,25933.9,75,120900,17583675,25930.6,25935.0,225,1275,2025-11-19 09:16:23.832
19/11/2025,09:16:24.842,NIFTY25NOVFUT,9485826,25933.9,75,120900,17583675,25930.6,25935.0,225,1275,2025-11-19 09:16:24.842
19/11/2025,09:16:25.598,NIFTY25NOVFUT,9485826,25931.9,75,120975,17583675,25932.3,25935.0,225,1275,2025-11-19 09:16:25.598
19/11/2025,09:16:25.817,NIFTY25NOVFUT,9485826,25931.9,75,120975,17583675,25932.3,25935.0,225,1275,2025-11-19 09:16:25.817
19/11/2025,09:16:26.645,NIFTY25NOVFUT,9485826,25934.0,75,121200,17583675,25932.0,25934.0,225,75,2025-11-19 09:16:26.645
19/11/2025,09:16:26.910,NIFTY25NOVFUT,9485826,25934.0,75,121200,17583675,25932.0,25934.0,225,75,2025-11-19 09:16:26.910
19/11/2025,09:16:27.183,NIFTY25NOVFUT,9485826,25932.0,150,121200,17583675,25932.0,25934.0,225,75,2025-11-19 09:16:27.183
19/11/2025,09:16:27.231,NIFTY25NOVFUT,9485826,25934.0,75,121200,17583675,25932.0,25934.0,225,75,2025-11-19 09:16:27.231
19/11/2025,09:16:28.085,NIFTY25NOVFUT,9485826,25935.0,150,122550,17583675,25931.2,25935.0,225,750,2025-11-19 09:16:28.085
19/11/2025,09:16:28.383,NIFTY25NOVFUT,9485826,25935.0,150,122550,17583675,25931.2,25935.0,225,750,2025-11-19 09:16:28.383
19/11/2025,09:16:28.900,NIFTY25NOVFUT,9485826,25935.0,75,122550,17583675,25931.2,25935.0,225,750,2025-11-19 09:16:28.900
19/11/2025,09:16:29.605,NIFTY25NOVFUT,9485826,25933.9,975,124725,17583675,25931.2,25934.0,150,150,2025-11-19 09:16:29.605
19/11/2025,09:16:29.761,NIFTY25NOVFUT,9485826,25934.0,75,124725,17583675,25931.2,25934.0,150,150,2025-11-19 09:16:29.761
19/11/2025,09:16:30.650,NIFTY25NOVFUT,9485826,25934.0,75,124725,17583675,25931.2,25934.0,150,150,2025-11-19 09:16:30.650
19/11/2025,09:16:31.000,NIFTY25NOVFUT,9485826,25933.9,75,124725,17583675,25931.2,25934.0,150,150,2025-11-19 09:16:31.000
19/11/2025,09:16:31.428,NIFTY25NOVFUT,9485826,25933.9,75,125400,17583675,25933.9,25935.0,675,300,2025-11-19 09:16:31.428
19/11/2025,09:16:31.764,NIFTY25NOVFUT,9485826,25935.0,75,125400,17583675,25933.9,25935.0,675,300,2025-11-19 09:16:31.764
19/11/2025,09:16:32.141,NIFTY25NOVFUT,9485826,25935.0,75,125400,17583675,25933.9,25935.0,675,300,2025-11-19 09:16:32.141
19/11/2025,09:16:33.347,NIFTY25NOVFUT,9485826,25925.2,225,128250,17583675,25930.9,25933.6,225,300,2025-11-19 09:16:33.347
19/11/2025,09:16:33.782,NIFTY25NOVFUT,9485826,25925.2,225,128250,17583675,25930.9,25933.6,225,300,2025-11-19 09:16:33.782
19/11/2025,09:16:34.504,NIFTY25NOVFUT,9485826,25925.3,75,128250,17583675,25930.9,25933.6,225,300,2025-11-19 09:16:34.504
19/11/2025,09:16:34.884,NIFTY25NOVFUT,9485826,25930.3,150,128250,17583675,25930.9,25933.6,225,300,2025-11-19 09:16:34.884
19/11/2025,09:16:35.139,NIFTY25NOVFUT,9485826,25931.0,225,130650,17583675,25926.0,25933.2,600,75,2025-11-19 09:16:35.139
19/11/2025,09:16:35.405,NIFTY25NOVFUT,9485826,25931.0,225,130650,17583675,25926.0,25933.2,600,75,2025-11-19 09:16:35.405
19/11/2025,09:16:36.360,NIFTY25NOVFUT,9485826,25933.5,75,130650,17583675,25926.0,25933.2,600,75,2025-11-19 09:16:36.360
19/11/2025,09:16:36.791,NIFTY25NOVFUT,9485826,25930.6,75,131100,17583675,25930.6,25934.0,150,150,2025-11-19 09:16:36.791
19/11/2025,09:16:36.945,NIFTY25NOVFUT,9485826,25930.6,75,131100,17583675,25930.6,25934.0,150,150,2025-11-19 09:16:36.945
19/11/2025,09:16:37.211,NIFTY25NOVFUT,9485826,25930.6,75,131100,17583675,25930.6,25934.0,150,150,2025-11-19 09:16:37.211
19/11/2025,09:16:37.715,NIFTY25NOVFUT,9485826,25930.5,75,131100,17583675,25930.6,25934.0,150,150,2025-11-19 09:16:37.715
19/11/2025,09:16:37.929,NIFTY25NOVFUT,9485826,25930.5,75,132600,17583675,25930.5,25932.8,75,225,2025-11-19 09:16:37.929
19/11/2025,09:16:38.408,NIFTY25NOVFUT,9485826,25930.4,75,132600,17583675,25930.5,25932.8,75,225,2025-11-19 09:16:38.408
19/11/2025,09:16:38.797,NIFTY25NOVFUT,9485826,25930.4,75,133575,17583675,25930.4,25933.8,375,75,2025-11-19 09:16:38.797
19/11/2025,09:16:39.070,NIFTY25NOVFUT,9485826,25930.4,75,133650,17583675,25930.4,25933.9,300,75,2025-11-19 09:16:39.070
19/11/2025,09:16:39.558,NIFTY25NOVFUT,9485826,25930.4,75,133650,17583675,25930.4,25933.9,300,75,2025-11-19 09:16:39.558
19/11/2025,09:16:40.314,NIFTY25NOVFUT,9485826,25933.9,75,134625,17583675,25933.9,25934.5,675,75,2025-11-19 09:16:40.314
19/11/2025,09:16:40.562,NIFTY25NOVFUT,9485826,25933.9,75,134700,17583675,25933.9,25934.3,600,150,2025-11-19 09:16:40.562
19/11/2025,09:16:41.248,NIFTY25NOVFUT,9485826,25933.9,75,134700,17583675,25933.9,25934.3,600,150,2025-11-19 09:16:41.248
19/11/2025,09:16:41.557,NIFTY25NOVFUT,9485826,25933.8,75,134700,17583675,25933.9,25934.3,600,150,2025-11-19 09:16:41.557
19/11/2025,09:16:42.287,NIFTY25NOVFUT,9485826,25932.0,75,136425,17583675,25930.6,25933.7,300,75,2025-11-19 09:16:42.287
19/11/2025,09:16:42.579,NIFTY25NOVFUT,9485826,25932.0,75,136425,17583675,25930.6,25933.2,300,75,2025-11-19 09:16:42.579
19/11/2025,09:16:43.323,NIFTY25NOVFUT,9485826,25930.6,75,136425,17583675,25930.6,25933.2,300,75,2025-11-19 09:16:43.323
19/11/2025,09:16:44.099,NIFTY25NOVFUT,9485826,25930.6,75,136650,17583675,25930.6,25933.6,150,75,2025-11-19 09:16:44.099
19/11/2025,09:16:45.035,NIFTY25NOVFUT,9485826,25933.6,75,136650,17583675,25930.6,25933.6,150,75,2025-11-19 09:16:45.035
19/11/2025,09:16:45.340,NIFTY25NOVFUT,9485826,25933.6,75,136650,17583675,25930.6,25933.6,150,75,2025-11-19 09:16:45.340
19/11/2025,09:16:45.556,NIFTY25NOVFUT,9485826,25932.0,75,136875,17583675,25930.6,25933.0,75,300,2025-11-19 09:16:45.556
19/11/2025,09:16:46.440,NIFTY25NOVFUT,9485826,25932.0,75,136875,17583675,25930.6,25933.0,75,300,2025-11-19 09:16:46.440
19/11/2025,09:16:47.291,NIFTY25NOVFUT,9485826,25930.6,75,137100,17583675,25930.5,25931.6,75,75,2025-11-19 09:16:47.291
19/11/2025,09:16:48.325,NIFTY25NOVFUT,9485826,25931.5,75,137100,17583675,25930.5,25931.6,75,75,2025-11-19 09:16:48.325
19/11/2025,09:16:49.049,NIFTY25NOVFUT,9485826,25930.0,750,139800,17583675,25928.4,25930.0,150,1950,2025-11-19 09:16:49.049
19/11/2025,09:16:49.286,NIFTY25NOVFUT,9485826,25930.0,75,139800,17583675,25928.4,25930.0,150,1950,2025-11-19 09:16:49.286
19/11/2025,09:16:49.553,NIFTY25NOVFUT,9485826,25928.4,150,139800,17583675,25928.4,25930.0,150,1950,2025-11-19 09:16:49.553
19/11/2025,09:16:50.305,NIFTY25NOVFUT,9485826,25930.0,75,139800,17583675,25928.4,25930.0,150,1950,2025-11-19 09:16:50.305
19/11/2025,09:16:50.526,NIFTY25NOVFUT,9485826,25930.0,75,141150,17583675,25927.0,25928.3,150,225,2025-11-19 09:16:50.526
19/11/2025,09:16:51.616,NIFTY25NOVFUT,9485826,25929.4,75,141150,17583675,25927.0,25928.3,150,225,2025-11-19 09:16:51.616
19/11/2025,09:16:52.092,NIFTY25NOVFUT,9485826,25930.0,75,141525,17583675,25927.1,25929.9,150,75,2025-11-19 09:16:52.092
19/11/2025,09:16:52.410,NIFTY25NOVFUT,9485826,25930.0,75,141525,17583675,25927.1,25930.0,150,1050,2025-11-19 09:16:52.410
19/11/2025,09:16:53.296,NIFTY25NOVFUT,9485826,25926.0,75,141525,17583675,25927.1,25930.0,150,1050,2025-11-19 09:16:53.296
19/11/2025,09:16:54.047,NIFTY25NOVFUT,9485826,25929.5,75,142800,17583675,25925.3,25929.6,150,225,2025-11-19 09:16:54.047
19/11/2025,09:16:54.286,NIFTY25NOVFUT,9485826,25929.5,75,142800,17583675,25925.3,25929.6,150,225,2025-11-19 09:16:54.286
19/11/2025,09:16:55.102,NIFTY25NOVFUT,9485826,25926.0,150,142800,17583675,25925.3,25929.6,150,225,2025-11-19 09:16:55.102
19/11/2025,09:16:55.416,NIFTY25NOVFUT,9485826,25926.0,150,142800,17583675,25925.3,25929.6,150,225,2025-11-19 09:16:55.416
19/11/2025,09:16:55.823,NIFTY25NOVFUT,9485826,25925.3,75,143175,17583675,25925.2,25929.1,150,150,2025-11-19 09:16:55.823
19/11/2025,09:16:56.368,NIFTY25NOVFUT,9485826,25930.0,75,143175,17583675,25925.2,25929.1,150,150,2025-11-19 09:16:56.368
19/11/2025,09:16:57.092,NIFTY25NOVFUT,9485826,25930.0,150,143775,17583675,25926.1,25930.0,150,1275,2025-11-19 09:16:57.092
19/11/2025,09:16:57.356,NIFTY25NOVFUT,9485826,25930.0,150,143775,17583675,25926.1,25929.6,150,675,2025-11-19 09:16:57.356
19/11/2025,09:16:58.319,NIFTY25NOVFUT,9485826,25926.1,150,143775,17583675,25926.1,25929.6,150,675,2025-11-19 09:16:58.319
19/11/2025,09:16:59.099,NIFTY25NOVFUT,9485826,25930.0,75,144150,17583675,25926.1,25930.0,75,1200,2025-11-19 09:16:59.099
19/11/2025,09:16:59.439,NIFTY25NOVFUT,9485826,25930.0,75,144150,17583675,25926.1,25930.0,75,1200,2025-11-19 09:16:59.439
19/11/2025,09:17:00.020,NIFTY25NOVFUT,9485826,25930.0,75,144150,17583675,25926.1,25930.0,75,1200,2025-11-19 09:17:00.020
19/11/2025,09:17:00.187,NIFTY25NOVFUT,9485826,25930.0,75,144150,17583675,25926.1,25930.0,75,1200,2025-11-19 09:17:00.187
19/11/2025,09:17:01.281,NIFTY25NOVFUT,9485826,25930.0,75,144525,17583675,25928.7,25930.0,225,975,2025-11-19 09:17:01.281
19/11/2025,09:17:03.865,NIFTY25NOVFUT,9485826,25930.5,75,144525,17583675,25928.7,25930.0,225,975,2025-11-19 09:17:03.865
19/11/2025,09:17:07.499,NIFTY25NOVFUT,9485826,25932.0,75,145950,17583675,25930.2,25932.0,225,150,2025-11-19 09:17:07.499
19/11/2025,09:17:09.573,NIFTY25NOVFUT,9485826,25930.1,75,145950,17583675,25930.2,25932.0,225,150,2025-11-19 09:17:09.573
19/11/2025,09:17:10.617,NIFTY25NOVFUT,9485826,25930.1,75,145950,17583675,25930.2,25932.0,225,150,2025-11-19 09:17:10.617
19/11/2025,09:17:11.259,NIFTY25NOVFUT,9485826,25930.0,75,146175,17583675,25929.2,25932.0,450,75,2025-11-19 09:17:11.259
19/11/2025,09:17:11.311,NIFTY25NOVFUT,9485826,25929.2,75,146250,17583675,25929.2,25932.0,375,75,2025-11-19 09:17:11.311
19/11/2025,09:17:12.322,NIFTY25NOVFUT,9485826,25933.0,75,146250,17583675,25929.2,25932.0,375,75,2025-11-19 09:17:12.322
19/11/2025,09:17:13.585,NIFTY25NOVFUT,9485826,25929.2,150,146550,17583675,25929.6,25933.0,150,750,2025-11-19 09:17:13.585
19/11/2025,09:17:13.835,NIFTY25NOVFUT,9485826,25929.2,150,146550,17583675,25929.6,25933.0,150,900,2025-11-19 09:17:13.835
19/11/2025,09:17:14.254,NIFTY25NOVFUT,9485826,25929.6,75,146550,17583675,25929.6,25933.0,150,900,2025-11-19 09:17:14.254
19/11/2025,09:17:14.856,NIFTY25NOVFUT,9485826,25929.6,75,146700,17583675,25927.2,25930.3,300,75,2025-11-19 09:17:14.856
19/11/2025,09:17:15.085,NIFTY25NOVFUT,9485826,25929.6,75,146700,17583675,25927.2,25930.3,300,75,2025-11-19 09:17:15.085
19/11/2025,09:17:15.984,NIFTY25NOVFUT,9485826,25933.0,75,146700,17583675,25927.2,25930.3,300,75,2025-11-19 09:17:15.984
19/11/2025,09:17:16.368,NIFTY25NOVFUT,9485826,25930.0,300,147375,17583675,25927.1,25930.0,150,4200,2025-11-19 09:17:16.368
19/11/2025,09:17:16.650,NIFTY25NOVFUT,9485826,25927.1,75,147375,17583675,25927.1,25930.0,150,4200,2025-11-19 09:17:16.650
19/11/2025,09:17:16.836,NIFTY25NOVFUT,9485826,25927.1,75,147375,17583675,25927.1,25930.0,150,4200,2025-11-19 09:17:16.836
19/11/2025,09:17:17.741,NIFTY25NOVFUT,9485826,25927.0,75,147750,17583675,25929.2,25930.0,75,4050,2025-11-19 09:17:17.741
19/11/2025,09:17:18.346,NIFTY25NOVFUT,9485826,25930.0,75,147825,17583675,25929.2,25930.0,75,3975,2025-11-19 09:17:18.346
19/11/2025,09:17:18.955,NIFTY25NOVFUT,9485826,25929.2,75,147825,17583675,25929.2,25930.0,75,3975,2025-11-19 09:17:18.955
19/11/2025,09:17:19.775,NIFTY25NOVFUT,9485826,25927.2,75,148125,17583675,25927.2,25930.0,375,3900,2025-11-19 09:17:19.775
19/11/2025,09:17:20.978,NIFTY25NOVFUT,9485826,25930.0,75,148125,17583675,25927.2,25930.0,375,3900,2025-11-19 09:17:20.978
19/11/2025,09:17:21.578,NIFTY25NOVFUT,9485826,25930.0,75,152025,17583675,25929.9,25932.9,375,225,2025-11-19 09:17:21.578
19/11/2025,09:17:22.203,NIFTY25NOVFUT,9485826,25932.9,75,152025,17583675,25929.9,25932.9,375,225,2025-11-19 09:17:22.203
19/11/2025,09:17:22.981,NIFTY25NOVFUT,9485826,25932.9,75,152025,17583675,25929.9,25932.9,375,225,2025-11-19 09:17:22.981
19/11/2025,09:17:23.247,NIFTY25NOVFUT,9485826,25932.9,75,152850,17583675,25931.0,25933.0,375,750,2025-11-19 09:17:23.247
19/11/2025,09:17:23.445,NIFTY25NOVFUT,9485826,25930.2,75,155850,17583675,25930.0,25933.0,675,750,2025-11-19 09:17:23.445
19/11/2025,09:17:24.114,NIFTY25NOVFUT,9485826,25930.2,75,155850,17583675,25930.0,25933.0,675,750,2025-11-19 09:17:24.114
19/11/2025,09:17:24.712,NIFTY25NOVFUT,9485826,25933.0,75,155850,17583675,25930.0,25933.0,300,750,2025-11-19 09:17:24.712
19/11/2025,09:17:24.901,NIFTY25NOVFUT,9485826,25933.0,75,155925,17583675,25930.1,25933.0,150,675,2025-11-19 09:17:24.901
19/11/2025,09:17:25.753,NIFTY25NOVFUT,9485826,25927.1,75,155925,17583675,25930.1,25933.0,150,675,2025-11-19 09:17:25.753
19/11/2025,09:17:26.032,NIFTY25NOVFUT,9485826,25933.0,225,156225,17583675,25929.4,25933.0,300,675,2025-11-19 09:17:26.032
19/11/2025,09:17:27.103,NIFTY25NOVFUT,9485826,25930.2,75,156225,17583675,25929.4,25933.0,300,675,2025-11-19 09:17:27.103
19/11/2025,09:17:27.378,NIFTY25NOVFUT,9485826,25930.2,75,156525,17583675,25929.6,25933.0,300,450,2025-11-19 09:17:27.378
19/11/2025,09:17:28.124,NIFTY25NOVFUT,9485826,25930.3,75,156525,17583675,25929.6,25933.0,300,450,2025-11-19 09:17:28.124
19/11/2025,09:17:28.513,NIFTY25NOVFUT,9485826,25928.5,75,156750,17583675,25928.5,25930.3,75,75,2025-11-19 09:17:28.513
19/11/2025,09:17:28.656,NIFTY25NOVFUT,9485826,25928.5,75,156750,17583675,25928.3,25930.3,225,75,2025-11-19 09:17:28.656
19/11/2025,09:17:29.089,NIFTY25NOVFUT,9485826,25929.6,75,156750,17583675,25928.3,25930.3,225,75,2025-11-19 09:17:29.089
19/11/2025,09:17:29.343,NIFTY25NOVFUT,9485826,25927.6,75,156900,17583675,25927.4,25930.3,75,75,2025-11-19 09:17:29.343
19/11/2025,09:17:29.512,NIFTY25NOVFUT,9485826,25933.0,75,157050,17583675,25929.1,25933.0,300,525,2025-11-19 09:17:29.512
19/11/2025,09:17:29.716,NIFTY25NOVFUT,9485826,25933.0,75,157050,17583675,25929.1,25933.0,300,525,2025-11-19 09:17:29.716
19/11/2025,09:17:30.314,NIFTY25NOVFUT,9485826,25929.1,150,157575,17583675,25929.1,25933.0,300,150,2025-11-19 09:17:30.314
19/11/2025,09:17:30.695,NIFTY25NOVFUT,9485826,25929.1,75,157575,17583675,25929.1,25933.0,300,150,2025-11-19 09:17:30.695
19/11/2025,09:17:30.802,NIFTY25NOVFUT,9485826,25929.1,225,157575,17583675,25929.1,25933.0,300,150,2025-11-19 09:17:30.802
19/11/2025,09:17:31.006,NIFTY25NOVFUT,9485826,25929.1,225,158175,17583675,25928.6,25930.0,75,150,2025-11-19 09:17:31.006
19/11/2025,09:17:31.819,NIFTY25NOVFUT,9485826,25929.1,225,158175,17583675,25928.9,25929.5,75,150,2025-11-19 09:17:31.819
19/11/2025,09:17:31.939,NIFTY25NOVFUT,9485826,25928.6,75,158175,17583675,25928.9,25929.5,75,150,2025-11-19 09:17:31.939
19/11/2025,09:17:32.195,NIFTY25NOVFUT,9485826,25928.6,75,158175,17583675,25928.9,25929.5,75,150,2025-11-19 09:17:32.195
19/11/2025,09:17:32.447,NIFTY25NOVFUT,9485826,25932.0,150,158625,17583675,25928.6,25932.1,75,150,2025-11-19 09:17:32.447
19/11/2025,09:17:32.843,NIFTY25NOVFUT,9485826,25927.5,150,158625,17583675,25928.6,25932.1,75,150,2025-11-19 09:17:32.843
19/11/2025,09:17:33.187,NIFTY25NOVFUT,9485826,25931.7,75,158925,17583675,25928.9,25932.3,225,150,2025-11-19 09:17:33.187
19/11/2025,09:17:33.540,NIFTY25NOVFUT,9485826,25931.7,75,158925,17583675,25928.9,25932.3,225,150,2025-11-19 09:17:33.540
19/11/2025,09:17:34.954,NIFTY25NOVFUT,9485826,25931.7,75,158925,17583675,25930.1,25933.0,75,150,2025-11-19 09:17:34.954
19/11/2025,09:17:35.253,NIFTY25NOVFUT,9485826,25933.0,75,158925,17583675,25930.1,25933.0,75,150,2025-11-19 09:17:35.253
19/11/2025,09:17:35.982,NIFTY25NOVFUT,9485826,25930.0,75,158925,17583675,25930.1,25933.0,75,150,2025-11-19 09:17:35.982
19/11/2025,09:17:36.653,NIFTY25NOVFUT,9485826,25930.0,75,159150,17583675,25929.1,25930.0,75,450,2025-11-19 09:17:36.653
19/11/2025,09:17:37.431,NIFTY25NOVFUT,9485826,25930.0,75,159150,17583675,25929.1,25930.0,75,450,2025-11-19 09:17:37.431
19/11/2025,09:17:37.474,NIFTY25NOVFUT,9485826,25929.2,75,159150,17583675,25929.1,25930.0,75,450,2025-11-19 09:17:37.474
19/11/2025,09:17:38.361,NIFTY25NOVFUT,9485826,25930.0,150,160125,17583675,25927.1,25930.0,75,75,2025-11-19 09:17:38.361
19/11/2025,09:17:38.969,NIFTY25NOVFUT,9485826,25930.0,150,160125,17583675,25927.1,25930.0,75,75,2025-11-19 09:17:38.969
19/11/2025,09:17:39.349,NIFTY25NOVFUT,9485826,25927.1,75,160125,17583675,25927.1,25930.0,75,75,2025-11-19 09:17:39.349
19/11/2025,09:17:39.716,NIFTY25NOVFUT,9485826,25927.0,75,160275,17583675,25927.0,25930.0,75,75,2025-11-19 09:17:39.716
19/11/2025,09:17:39.814,NIFTY25NOVFUT,9485826,25927.0,75,160275,17583675,25927.0,25930.0,75,75,2025-11-19 09:17:39.814
19/11/2025,09:17:40.069,NIFTY25NOVFUT,9485826,25927.0,75,160275,17583675,25927.0,25930.0,75,75,2025-11-19 09:17:40.069
19/11/2025,09:17:40.676,NIFTY25NOVFUT,9485826,25924.0,75,161925,17583675,25924.0,25925.0,1425,3075,2025-11-19 09:17:40.676
19/11/2025,09:17:41.575,NIFTY25NOVFUT,9485826,25925.0,75,161925,17583675,25924.0,25925.0,1425,3075,2025-11-19 09:17:41.575
19/11/2025,09:17:42.203,NIFTY25NOVFUT,9485826,25925.0,75,162450,17583675,25924.0,25925.0,1425,2775,2025-11-19 09:17:42.203
19/11/2025,09:17:42.562,NIFTY25NOVFUT,9485826,25925.0,75,162450,17583675,25924.0,25925.0,1425,2775,2025-11-19 09:17:42.562
19/11/2025,09:17:43.384,NIFTY25NOVFUT,9485826,25925.0,75,162450,17583675,25924.0,25925.0,1425,2775,2025-11-19 09:17:43.384
19/11/2025,09:17:43.531,NIFTY25NOVFUT,9485826,25925.0,75,162750,17583675,25924.0,25925.0,1350,2625,2025-11-19 09:17:43.531
19/11/2025,09:17:43.807,NIFTY25NOVFUT,9485826,25925.0,75,162750,17583675,25924.0,25925.0,1350,2625,2025-11-19 09:17:43.807
19/11/2025,09:17:44.307,NIFTY25NOVFUT,9485826,25924.1,75,162750,17583675,25924.0,25925.0,1350,2625,2025-11-19 09:17:44.307
19/11/2025,09:17:45.355,NIFTY25NOVFUT,9485826,25925.0,75,163350,17583675,25924.1,25925.0,375,2250,2025-11-19 09:17:45.355
19/11/2025,09:17:46.564,NIFTY25NOVFUT,9485826,25926.1,150,163350,17583675,25924.1,25925.0,375,2250,2025-11-19 09:17:46.564
19/11/2025,09:17:46.863,NIFTY25NOVFUT,9485826,25926.4,150,166125,17583675,25926.5,25930.0,75,2325,2025-11-19 09:17:46.863
19/11/2025,09:17:47.306,NIFTY25NOVFUT,9485826,25926.4,150,166125,17583675,25926.5,25930.0,75,2325,2025-11-19 09:17:47.306
19/11/2025,09:17:48.292,NIFTY25NOVFUT,9485826,25928.1,75,166125,17583675,25926.5,25930.0,75,2325,2025-11-19 09:17:48.292
19/11/2025,09:17:48.787,NIFTY25NOVFUT,9485826,25925.6,75,169875,17583675,25926.3,25930.0,150,3450,2025-11-19 09:17:48.787
19/11/2025,09:17:49.366,NIFTY25NOVFUT,9485826,25925.6,75,169875,17583675,25926.3,25930.0,150,3450,2025-11-19 09:17:49.366
19/11/2025,09:17:50.412,NIFTY25NOVFUT,9485826,25928.2,75,171225,17583675,25928.2,25930.0,375,3525,2025-11-19 09:17:50.412
19/11/2025,09:17:51.293,NIFTY25NOVFUT,9485826,25930.0,75,171225,17583675,25928.2,25930.0,375,3525,2025-11-19 09:17:51.293
19/11/2025,09:17:51.793,NIFTY25NOVFUT,9485826,25929.3,150,171600,17583675,25927.9,25930.0,75,3450,2025-11-19 09:17:51.793
19/11/2025,09:17:52.314,NIFTY25NOVFUT,9485826,25929.3,150,171600,17583675,25927.9,25930.0,75,3450,2025-11-19 09:17:52.314
19/11/2025,09:17:53.321,NIFTY25NOVFUT,9485826,25927.6,75,171600,17583675,25927.9,25930.0,75,3450,2025-11-19 09:17:53.321
19/11/2025,09:17:53.536,NIFTY25NOVFUT,9485826,25927.6,75,171750,17583675,25927.5,25930.0,525,3975,2025-11-19 09:17:53.536
19/11/2025,09:17:53.829,NIFTY25NOVFUT,9485826,25927.6,75,171750,17583675,25927.8,25930.0,525,3975,2025-11-19 09:17:53.829
19/11/2025,09:17:54.295,NIFTY25NOVFUT,9485826,25928.6,450,171750,17583675,25927.8,25930.0,525,3975,2025-11-19 09:17:54.295
19/11/2025,09:17:55.321,NIFTY25NOVFUT,9485826,25928.3,150,175650,17583675,25927.4,25930.0,600,3975,2025-11-19 09:17:55.321
19/11/2025,09:17:56.324,NIFTY25NOVFUT,9485826,25930.0,75,175650,17583675,25927.4,25930.0,600,3975,2025-11-19 09:17:56.324
19/11/2025,09:17:56.818,NIFTY25NOVFUT,9485826,25930.0,75,175725,17583675,25927.1,25930.0,150,4575,2025-11-19 09:17:56.818
19/11/2025,09:17:57.811,NIFTY25NOVFUT,9485826,25927.1,150,175725,17583675,25927.1,25930.0,150,4575,2025-11-19 09:17:57.811
19/11/2025,09:17:58.568,NIFTY25NOVFUT,9485826,25927.1,150,175875,17583675,25925.9,25927.4,525,150,2025-11-19 09:17:58.568
19/11/2025,09:17:59.025,NIFTY25NOVFUT,9485826,25927.4,75,175875,17583675,25925.9,25927.4,525,150,2025-11-19 09:17:59.025
19/11/2025,09:17:59.805,NIFTY25NOVFUT,9485826,25927.7,75,176325,17583675,25926.5,25930.0,150,7800,2025-11-19 09:17:59.805
19/11/2025,09:18:00.092,NIFTY25NOVFUT,9485826,25927.7,75,176325,17583675,25926.5,25930.0,150,7800,2025-11-19 09:18:00.092
19/11/2025,09:18:00.348,NIFTY25NOVFUT,9485826,25930.0,75,176325,17583675,25926.5,25930.0,150,7800,2025-11-19 09:18:00.348
19/11/2025,09:18:01.774,NIFTY25NOVFUT,9485826,25925.1,450,176325,17583675,25926.5,25930.0,150,7800,2025-11-19 09:18:01.774
19/11/2025,09:18:02.368,NIFTY25NOVFUT,9485826,25925.1,450,178650,17583675,25925.3,25929.9,600,75,2025-11-19 09:18:02.368
19/11/2025,09:18:03.598,NIFTY25NOVFUT,9485826,25925.4,75,178650,17583675,25925.3,25929.9,600,75,2025-11-19 09:18:03.598
19/11/2025,09:18:04.572,NIFTY25NOVFUT,9485826,25925.4,75,178800,17583675,25925.4,25929.0,75,900,2025-11-19 09:18:04.572
19/11/2025,09:18:04.864,NIFTY25NOVFUT,9485826,25925.4,75,178800,17583675,25925.4,25929.0,75,900,2025-11-19 09:18:04.864
19/11/2025,09:18:06.568,NIFTY25NOVFUT,9485826,25925.8,375,180600,17583675,25926.1,25929.0,75,900,2025-11-19 09:18:06.568
19/11/2025,09:18:06.801,NIFTY25NOVFUT,9485826,25925.8,375,180600,17583675,25926.1,25929.0,75,900,2025-11-19 09:18:06.801
19/11/2025,09:18:07.365,NIFTY25NOVFUT,9485826,25925.4,75,180600,17583675,25926.1,25929.0,75,900,2025-11-19 09:18:07.365
19/11/2025,09:18:07.590,NIFTY25NOVFUT,9485826,25925.0,75,181425,17583675,25925.0,25928.9,600,75,2025-11-19 09:18:07.590
19/11/2025,09:18:08.062,NIFTY25NOVFUT,9485826,25925.0,75,181425,17583675,25925.0,25928.9,600,75,2025-11-19 09:18:08.062
19/11/2025,09:18:08.862,NIFTY25NOVFUT,9485826,25928.9,75,181425,17583675,25925.0,25928.9,600,75,2025-11-19 09:18:08.862
19/11/2025,09:18:09.019,NIFTY25NOVFUT,9485826,25928.9,75,181575,17583675,25925.8,25928.9,600,75,2025-11-19 09:18:09.019
19/11/2025,09:18:09.799,NIFTY25NOVFUT,9485826,25927.1,75,181575,17583675,25925.8,25928.9,600,75,2025-11-19 09:18:09.799
19/11/2025,09:18:10.299,NIFTY25NOVFUT,9485826,25927.2,75,181800,17583675,25926.1,25928.9,600,75,2025-11-19 09:18:10.299
19/11/2025,09:18:10.591,NIFTY25NOVFUT,9485826,25927.2,75,181800,17583675,25926.1,25928.9,600,75,2025-11-19 09:18:10.591
19/11/2025,09:18:11.521,NIFTY25NOVFUT,9485826,25928.9,75,181875,17583675,25926.3,25929.0,600,900,2025-11-19 09:18:11.521
19/11/2025,09:18:12.329,NIFTY25NOVFUT,9485826,25929.0,75,181875,17583675,25926.3,25929.0,600,900,2025-11-19 09:18:12.329
19/11/2025,09:18:13.556,NIFTY25NOVFUT,9485826,25925.6,75,182025,17583675,25927.2,25928.0,75,3000,2025-11-19 09:18:13.556
19/11/2025,09:18:13.807,NIFTY25NOVFUT,9485826,25925.6,75,182025,17583675,25927.2,25928.0,75,3000,2025-11-19 09:18:13.807
19/11/2025,09:18:14.779,NIFTY25NOVFUT,9485826,25927.2,75,182025,17583675,25927.2,25928.0,75,3000,2025-11-19 09:18:14.779
19/11/2025,09:18:15.117,NIFTY25NOVFUT,9485826,25927.2,75,183000,17583675,25926.5,25927.2,600,225,2025-11-19 09:18:15.117
19/11/2025,09:18:16.808,NIFTY25NOVFUT,9485826,25925.0,150,183000,17583675,25925.0,25927.2,750,375,2025-11-19 09:18:16.808
19/11/2025,09:18:17.113,NIFTY25NOVFUT,9485826,25925.0,150,183000,17583675,25925.0,25927.2,750,375,2025-11-19 09:18:17.113
19/11/2025,09:18:18.111,NIFTY25NOVFUT,9485826,25927.2,75,183300,17583675,25925.0,25927.2,525,300,2025-11-19 09:18:18.111
19/11/2025,09:18:18.527,NIFTY25NOVFUT,9485826,25927.2,75,183300,17583675,25925.0,25927.2,525,300,2025-11-19 09:18:18.527
19/11/2025,09:18:19.299,NIFTY25NOVFUT,9485826,25925.0,225,183300,17583675,25925.0,25927.2,525,300,2025-11-19 09:18:19.299
19/11/2025,09:18:20.025,NIFTY25NOVFUT,9485826,25927.2,75,183825,17583675,25925.0,25927.2,1275,300,2025-11-19 09:18:20.025
19/11/2025,09:18:20.267,NIFTY25NOVFUT,9485826,25927.2,75,183825,17583675,25925.0,25927.2,1275,300,2025-11-19 09:18:20.267
19/11/2025,09:18:21.288,NIFTY25NOVFUT,9485826,25927.2,75,183825,17583675,25925.0,25927.2,1275,300,2025-11-19 09:18:21.288
19/11/2025,09:18:21.540,NIFTY25NOVFUT,9485826,25927.2,75,183900,17583675,25925.0,25927.2,1275,225,2025-11-19 09:18:21.540
19/11/2025,09:18:22.200,NIFTY25NOVFUT,9485826,25927.2,75,183900,17583675,25925.0,25927.2,1275,225,2025-11-19 09:18:22.200
19/11/2025,09:18:23.266,NIFTY25NOVFUT,9485826,25925.0,150,183900,17583675,25925.0,25927.2,1275,225,2025-11-19 09:18:23.266
19/11/2025,09:18:24.225,NIFTY25NOVFUT,9485826,25925.0,75,184500,17583675,25925.0,25927.2,1950,150,2025-11-19 09:18:24.225
19/11/2025,09:18:24.769,NIFTY25NOVFUT,9485826,25925.0,150,184500,17583675,25925.0,25927.2,1950,150,2025-11-19 09:18:24.769
19/11/2025,09:18:25.086,NIFTY25NOVFUT,9485826,25927.2,75,184500,17583675,25925.0,25927.2,1950,150,2025-11-19 09:18:25.086
19/11/2025,09:18:25.684,NIFTY25NOVFUT,9485826,25925.0,450,185250,17583675,25925.0,25926.3,1350,75,2025-11-19 09:18:25.684
19/11/2025,09:18:25.841,NIFTY25NOVFUT,9485826,25925.9,75,185250,17583675,25925.0,25926.3,1350,75,2025-11-19 09:18:25.841
19/11/2025,09:18:26.843,NIFTY25NOVFUT,9485826,25925.6,75,186825,17583675,25924.0,25925.6,150,600,2025-11-19 09:18:26.843
19/11/2025,09:18:27.068,NIFTY25NOVFUT,9485826,25925.0,75,186900,17583675,25924.0,25925.5,150,225,2025-11-19 09:18:27.068
19/11/2025,09:18:27.510,NIFTY25NOVFUT,9485826,25925.5,75,186900,17583675,25924.0,25925.5,150,225,2025-11-19 09:18:27.510
19/11/2025,09:18:27.670,NIFTY25NOVFUT,9485826,25925.5,75,186900,17583675,25924.0,25925.5,150,225,2025-11-19 09:18:27.670
19/11/2025,09:18:28.329,NIFTY25NOVFUT,9485826,25925.6,75,187050,17583675,25924.0,25925.5,150,75,2025-11-19 09:18:28.329
19/11/2025,09:18:29.297,NIFTY25NOVFUT,9485826,25925.5,75,187050,17583675,25924.0,25925.5,150,75,2025-11-19 09:18:29.297
19/11/2025,09:18:30.088,NIFTY25NOVFUT,9485826,25925.5,75,187425,17583675,25924.0,25925.5,150,225,2025-11-19 09:18:30.088
19/11/2025,09:18:30.815,NIFTY25NOVFUT,9485826,25924.6,75,187425,17583675,25924.0,25925.5,150,225,2025-11-19 09:18:30.815
19/11/2025,09:18:31.507,NIFTY25NOVFUT,9485826,25921.0,75,188550,17583675,25922.1,25925.0,225,3000,2025-11-19 09:18:31.507
19/11/2025,09:18:32.521,NIFTY25NOVFUT,9485826,25921.0,75,188550,17583675,25922.1,25925.0,225,3000,2025-11-19 09:18:32.521
19/11/2025,09:18:32.793,NIFTY25NOVFUT,9485826,25924.0,75,188550,17583675,25922.1,25925.0,225,3000,2025-11-19 09:18:32.793
19/11/2025,09:18:33.311,NIFTY25NOVFUT,9485826,25925.0,75,188850,17583675,25924.2,25925.0,75,2925,2025-11-19 09:18:33.311
19/11/2025,09:18:33.589,NIFTY25NOVFUT,9485826,25924.2,75,188925,17583675,25924.0,25925.0,75,2925,2025-11-19 09:18:33.589
19/11/2025,09:18:34.665,NIFTY25NOVFUT,9485826,25925.0,75,188925,17583675,25924.1,25925.0,225,3075,2025-11-19 09:18:34.665
19/11/2025,09:18:35.049,NIFTY25NOVFUT,9485826,25925.0,75,189000,17583675,25924.1,25925.0,225,3000,2025-11-19 09:18:35.049
19/11/2025,09:18:35.367,NIFTY25NOVFUT,9485826,25924.0,75,189000,17583675,25924.1,25925.0,225,3000,2025-11-19 09:18:35.367
19/11/2025,09:18:36.360,NIFTY25NOVFUT,9485826,25922.1,75,189150,17583675,25922.1,25924.9,150,75,2025-11-19 09:18:36.360
19/11/2025,09:18:36.673,NIFTY25NOVFUT,9485826,25922.1,75,189150,17583675,25922.1,25924.9,150,75,2025-11-19 09:18:36.673
19/11/2025,09:18:37.366,NIFTY25NOVFUT,9485826,25921.0,75,189150,17583675,25922.1,25924.9,150,75,2025-11-19 09:18:37.366
19/11/2025,09:18:38.341,NIFTY25NOVFUT,9485826,25921.0,75,189825,17583675,25921.0,25922.0,300,150,2025-11-19 09:18:38.341
19/11/2025,09:18:38.717,NIFTY25NOVFUT,9485826,25921.0,75,189825,17583675,25921.0,25922.0,300,150,2025-11-19 09:18:38.717
19/11/2025,09:18:39.305,NIFTY25NOVFUT,9485826,25921.0,75,189825,17583675,25921.0,25922.0,300,150,2025-11-19 09:18:39.305
19/11/2025,09:18:39.580,NIFTY25NOVFUT,9485826,25921.0,75,189975,17583675,25921.0,25922.0,225,150,2025-11-19 09:18:39.580
19/11/2025,09:18:40.794,NIFTY25NOVFUT,9485826,25920.0,75,189975,17583675,25921.0,25922.0,225,150,2025-11-19 09:18:40.794
19/11/2025,09:18:41.300,NIFTY25NOVFUT,9485826,25920.0,75,190725,17583675,25920.0,25921.0,1200,75,2025-11-19 09:18:41.300
19/11/2025,09:18:41.839,NIFTY25NOVFUT,9485826,25920.0,75,190725,17583675,25920.0,25921.0,1200,75,2025-11-19 09:18:41.839
19/11/2025,09:18:42.599,NIFTY25NOVFUT,9485826,25913.7,75,190725,17583675,25920.0,25921.0,1200,75,2025-11-19 09:18:42.599
19/11/2025,09:18:43.047,NIFTY25NOVFUT,9485826,25913.5,75,194775,17583675,25920.0,25921.0,75,300,2025-11-19 09:18:43.047
19/11/2025,09:18:43.538,NIFTY25NOVFUT,9485826,25913.5,75,194775,17583675,25920.0,25921.0,75,300,2025-11-19 09:18:43.538
19/11/2025,09:18:44.307,NIFTY25NOVFUT,9485826,25917.1,75,194775,17583675,25920.0,25921.0,75,300,2025-11-19 09:18:44.307
19/11/2025,09:18:44.555,NIFTY25NOVFUT,9485826,25917.1,75,195150,17583675,25917.2,25920.0,75,825,2025-11-19 09:18:44.555
19/11/2025,09:18:45.100,NIFTY25NOVFUT,9485826,25917.1,150,195150,17583675,25917.2,25920.0,75,825,2025-11-19 09:18:45.100
19/11/2025,09:18:45.320,NIFTY25NOVFUT,9485826,25917.1,75,195150,17583675,25917.2,25920.0,75,825,2025-11-19 09:18:45.320
19/11/2025,09:18:46.393,NIFTY25NOVFUT,9485826,25920.0,225,195750,17583675,25912.6,25919.7,75,675,2025-11-19 09:18:46.393
19/11/2025,09:18:46.783,NIFTY25NOVFUT,9485826,25920.0,225,195750,17583675,25912.6,25919.7,75,675,2025-11-19 09:18:46.783
19/11/2025,09:18:47.328,NIFTY25NOVFUT,9485826,25917.4,75,195750,17583675,25912.6,25919.7,75,675,2025-11-19 09:18:47.328
19/11/2025,09:18:47.825,NIFTY25NOVFUT,9485826,25917.4,75,196425,17583675,25912.0,25917.1,300,150,2025-11-19 09:18:47.825
19/11/2025,09:18:48.060,NIFTY25NOVFUT,9485826,25917.4,75,196425,17583675,25911.1,25917.1,300,75,2025-11-19 09:18:48.060
19/11/2025,09:18:48.574,NIFTY25NOVFUT,9485826,25917.4,75,196425,17583675,25911.1,25917.1,300,75,2025-11-19 09:18:48.574
19/11/2025,09:18:49.025,NIFTY25NOVFUT,9485826,25917.1,75,196425,17583675,25911.1,25917.1,300,75,2025-11-19 09:18:49.025
19/11/2025,09:18:49.346,NIFTY25NOVFUT,9485826,25917.1,75,196425,17583675,25911.1,25917.1,300,75,2025-11-19 09:18:49.346
19/11/2025,09:18:49.808,NIFTY25NOVFUT,9485826,25917.1,75,196575,17583675,25911.5,25917.0,375,525,2025-11-19 09:18:49.808
19/11/2025,09:18:50.304,NIFTY25NOVFUT,9485826,25911.5,150,196575,17583675,25911.5,25917.0,375,525,2025-11-19 09:18:50.304
19/11/2025,09:18:51.131,NIFTY25NOVFUT,9485826,25917.0,75,199125,17583675,25912.2,25916.0,75,150,2025-11-19 09:18:51.131
19/11/2025,09:18:51.610,NIFTY25NOVFUT,9485826,25917.0,75,199125,17583675,25912.2,25916.0,75,150,2025-11-19 09:18:51.610
19/11/2025,09:18:52.278,NIFTY25NOVFUT,9485826,25910.3,75,199125,17583675,25912.2,25916.0,75,150,2025-11-19 09:18:52.278
19/11/2025,09:18:53.305,NIFTY25NOVFUT,9485826,25914.3,75,216300,17583675,25911.0,25912.9,75,75,2025-11-19 09:18:53.305
19/11/2025,09:18:53.572,NIFTY25NOVFUT,9485826,25914.3,75,216300,17583675,25911.0,25912.9,75,75,2025-11-19 09:18:53.572
19/11/2025,09:18:54.315,NIFTY25NOVFUT,9485826,25913.8,75,216300,17583675,25911.0,25912.9,75,75,2025-11-19 09:18:54.315
19/11/2025,09:18:54.546,NIFTY25NOVFUT,9485826,25913.8,75,216975,17583675,25910.0,25912.8,300,150,2025-11-19 09:18:54.546
19/11/2025,09:18:54.794,NIFTY25NOVFUT,9485826,25907.9,375,217725,17583675,25905.7,25912.3,75,600,2025-11-19 09:18:54.794
19/11/2025,09:18:55.408,NIFTY25NOVFUT,9485826,25910.6,75,217725,17583675,25905.7,25912.3,75,600,2025-11-19 09:18:55.408
19/11/2025,09:18:56.333,NIFTY25NOVFUT,9485826,25909.2,75,218625,17583675,25905.7,25909.2,75,150,2025-11-19 09:18:56.333
19/11/2025,09:18:56.737,NIFTY25NOVFUT,9485826,25909.2,75,218625,17583675,25905.7,25909.2,75,150,2025-11-19 09:18:56.737
19/11/2025,09:18:57.830,NIFTY25NOVFUT,9485826,25909.9,75,218625,17583675,25905.7,25909.2,75,150,2025-11-19 09:18:57.830
19/11/2025,09:18:58.092,NIFTY25NOVFUT,9485826,25909.9,75,219600,17583675,25907.0,25909.2,75,150,2025-11-19 09:18:58.092
19/11/2025,09:18:58.287,NIFTY25NOVFUT,9485826,25905.0,75,219600,17583675,25907.0,25909.2,75,150,2025-11-19 09:18:58.287
19/11/2025,09:18:59.354,NIFTY25NOVFUT,9485826,25909.1,375,220425,17583675,25905.0,25907.9,900,75,2025-11-19 09:18:59.354
19/11/2025,09:18:59.560,NIFTY25NOVFUT,9485826,25909.1,375,220425,17583675,25905.0,25905.1,900,75,2025-11-19 09:18:59.560
19/11/2025,09:18:59.952,NIFTY25NOVFUT,9485826,25909.1,375,220425,17583675,25905.0,25905.1,900,75,2025-11-19 09:18:59.952
19/11/2025,09:19:00.749,NIFTY25NOVFUT,9485826,25905.1,75,220425,17583675,25905.0,25905.1,900,75,2025-11-19 09:19:00.749
19/11/2025,09:19:01.819,NIFTY25NOVFUT,9485826,25905.1,75,220650,17583675,25905.1,25909.2,150,225,2025-11-19 09:19:01.819
19/11/2025,09:19:02.997,NIFTY25NOVFUT,9485826,25905.0,75,220650,17583675,25905.1,25909.2,150,225,2025-11-19 09:19:02.997
19/11/2025,09:19:03.061,NIFTY25NOVFUT,9485826,25905.0,75,220650,17583675,25905.1,25909.2,150,225,2025-11-19 09:19:03.061
19/11/2025,09:19:03.350,NIFTY25NOVFUT,9485826,25908.9,75,221100,17583675,25905.1,25908.9,150,75,2025-11-19 09:19:03.350
19/11/2025,09:19:03.643,NIFTY25NOVFUT,9485826,25908.9,75,221100,17583675,25905.1,25908.9,150,75,2025-11-19 09:19:03.643
19/11/2025,09:19:04.673,NIFTY25NOVFUT,9485826,25905.1,150,221100,17571300,25905.1,25908.9,150,75,2025-11-19 09:19:04.673
19/11/2025,09:19:04.857,NIFTY25NOVFUT,9485826,25908.8,75,221400,17571300,25905.0,25909.0,600,150,2025-11-19 09:19:04.857
19/11/2025,09:19:05.601,NIFTY25NOVFUT,9485826,25905.4,225,221400,17571300,25905.0,25909.0,600,150,2025-11-19 09:19:05.601
19/11/2025,09:19:06.321,NIFTY25NOVFUT,9485826,25905.0,75,222750,17571300,25905.3,25910.0,300,3075,2025-11-19 09:19:06.321
19/11/2025,09:19:06.527,NIFTY25NOVFUT,9485826,25905.0,75,222750,17571300,25905.3,25910.0,300,3075,2025-11-19 09:19:06.527
19/11/2025,09:19:07.331,NIFTY25NOVFUT,9485826,25908.8,75,222750,17571300,25905.3,25910.0,300,3075,2025-11-19 09:19:07.331
19/11/2025,09:19:07.800,NIFTY25NOVFUT,9485826,25904.3,75,224100,17571300,25904.5,25909.9,150,75,2025-11-19 09:19:07.800
19/11/2025,09:19:08.306,NIFTY25NOVFUT,9485826,25904.3,75,224100,17571300,25904.5,25909.9,150,75,2025-11-19 09:19:08.306
19/11/2025,09:19:09.039,NIFTY25NOVFUT,9485826,25909.9,75,224100,17571300,25904.5,25909.9,150,75,2025-11-19 09:19:09.039
19/11/2025,09:19:09.371,NIFTY25NOVFUT,9485826,25909.9,75,224175,17571300,25908.8,25909.9,75,450,2025-11-19 09:19:09.371
19/11/2025,09:19:09.520,NIFTY25NOVFUT,9485826,25909.9,75,224175,17571300,25908.8,25909.9,75,525,2025-11-19 09:19:09.520
19/11/2025,09:19:10.600,NIFTY25NOVFUT,9485826,25905.2,75,224175,17571300,25908.8,25909.9,75,525,2025-11-19 09:19:10.600
19/11/2025,09:19:11.094,NIFTY25NOVFUT,9485826,25905.2,75,224700,17571300,25905.0,25908.5,75,450,2025-11-19 09:19:11.094
19/11/2025,09:19:12.348,NIFTY25NOVFUT,9485826,25908.5,75,224700,17571300,25905.0,25908.5,75,450,2025-11-19 09:19:12.348
19/11/2025,09:19:12.533,NIFTY25NOVFUT,9485826,25908.5,75,224700,17571300,25905.0,25908.5,75,450,2025-11-19 09:19:12.533
19/11/2025,09:19:12.807,NIFTY25NOVFUT,9485826,25908.4,75,225075,17571300,25905.0,25908.8,450,1500,2025-11-19 09:19:12.807
19/11/2025,09:19:13.315,NIFTY25NOVFUT,9485826,25908.8,75,225075,17571300,25905.0,25908.8,450,1500,2025-11-19 09:19:13.315
19/11/2025,09:19:14.559,NIFTY25NOVFUT,9485826,25908.8,75,226050,17571300,25904.3,25908.2,150,450,2025-11-19 09:19:14.559
19/11/2025,09:19:15.634,NIFTY25NOVFUT,9485826,25907.8,75,226050,17571300,25904.3,25908.2,150,450,2025-11-19 09:19:15.634
19/11/2025,09:19:16.100,NIFTY25NOVFUT,9485826,25903.1,75,226500,17571300,25903.0,25905.6,75,75,2025-11-19 09:19:16.100
19/11/2025,09:19:18.958,NIFTY25NOVFUT,9485826,25905.6,75,226500,17571300,25903.0,25905.6,75,75,2025-11-19 09:19:18.958
19/11/2025,09:19:20.853,NIFTY25NOVFUT,9485826,25907.9,75,226500,17571300,25903.0,25905.6,75,75,2025-11-19 09:19:20.853
19/11/2025,09:19:20.894,NIFTY25NOVFUT,9485826,25907.9,75,227100,17571300,25904.2,25907.9,150,300,2025-11-19 09:19:20.894
19/11/2025,09:19:21.093,NIFTY25NOVFUT,9485826,25907.9,75,227100,17571300,25904.2,25907.9,150,300,2025-11-19 09:19:21.093
19/11/2025,09:19:21.549,NIFTY25NOVFUT,9485826,25907.5,75,227100,17571300,25904.2,25907.9,150,300,2025-11-19 09:19:21.549
19/11/2025,09:19:21.686,NIFTY25NOVFUT,9485826,25907.5,75,227100,17571300,25904.2,25907.9,150,300,2025-11-19 09:19:21.686
19/11/2025,09:19:21.859,NIFTY25NOVFUT,9485826,25901.2,750,228150,17571300,25901.2,25907.9,750,975,2025-11-19 09:19:21.859
19/11/2025,09:19:22.329,NIFTY25NOVFUT,9485826,25901.2,750,228150,17571300,25901.2,25907.9,750,975,2025-11-19 09:19:22.329
19/11/2025,09:19:22.897,NIFTY25NOVFUT,9485826,25907.8,75,228150,17571300,25901.2,25907.9,750,975,2025-11-19 09:19:22.897
19/11/2025,09:19:23.218,NIFTY25NOVFUT,9485826,25901.2,75,228525,17571300,25901.2,25907.9,750,450,2025-11-19 09:19:23.218
19/11/2025,09:19:23.384,NIFTY25NOVFUT,9485826,25901.4,75,228675,17571300,25901.4,25905.6,150,75,2025-11-19 09:19:23.384
19/11/2025,09:19:23.629,NIFTY25NOVFUT,9485826,25901.2,75,228675,17571300,25901.4,25905.6,150,75,2025-11-19 09:19:23.629
19/11/2025,09:19:24.598,NIFTY25NOVFUT,9485826,25905.6,75,228675,17571300,25901.4,25905.6,150,75,2025-11-19 09:19:24.598
19/11/2025,09:19:24.766,NIFTY25NOVFUT,9485826,25905.6,75,228975,17571300,25904.0,25906.0,150,1725,2025-11-19 09:19:24.766
19/11/2025,09:19:25.267,NIFTY25NOVFUT,9485826,25901.2,150,228975,17571300,25904.0,25906.0,150,1725,2025-11-19 09:19:25.267
19/11/2025,09:19:25.512,NIFTY25NOVFUT,9485826,25901.2,150,228975,17571300,25904.0,25906.0,150,1725,2025-11-19 09:19:25.512
19/11/2025,09:19:25.847,NIFTY25NOVFUT,9485826,25905.7,75,229650,17571300,25901.2,25904.4,375,450,2025-11-19 09:19:25.847
19/11/2025,09:19:26.133,NIFTY25NOVFUT,9485826,25905.7,75,229650,17571300,25901.2,25904.4,375,450,2025-11-19 09:19:26.133
19/11/2025,09:19:27.376,NIFTY25NOVFUT,9485826,25905.0,75,229650,17571300,25901.2,25904.4,375,450,2025-11-19 09:19:27.376
19/11/2025,09:19:27.836,NIFTY25NOVFUT,9485826,25905.0,75,230025,17571300,25901.2,25905.0,375,1650,2025-11-19 09:19:27.836
19/11/2025,09:19:28.214,NIFTY25NOVFUT,9485826,25905.0,75,230175,17571300,25903.8,25905.0,150,1500,2025-11-19 09:19:28.214
19/11/2025,09:19:28.329,NIFTY25NOVFUT,9485826,25903.5,75,230175,17571300,25903.8,25905.0,150,1500,2025-11-19 09:19:28.329
19/11/2025,09:19:28.737,NIFTY25NOVFUT,9485826,25904.4,75,230175,17571300,25903.8,25905.0,150,1500,2025-11-19 09:19:28.737
19/11/2025,09:19:29.172,NIFTY25NOVFUT,9485826,25905.0,75,230175,17571300,25903.8,25905.0,150,1500,2025-11-19 09:19:29.172
19/11/2025,09:19:29.354,NIFTY25NOVFUT,9485826,25905.0,75,230700,17571300,25901.4,25905.0,300,2550,2025-11-19 09:19:29.354
19/11/2025,09:19:29.979,NIFTY25NOVFUT,9485826,25905.0,75,230700,17571300,25901.4,25905.0,300,2550,2025-11-19 09:19:29.979
19/11/2025,09:19:30.372,NIFTY25NOVFUT,9485826,25905.0,75,230925,17571300,25903.4,25905.0,150,2325,2025-11-19 09:19:30.372
19/11/2025,09:19:30.725,NIFTY25NOVFUT,9485826,25904.9,75,230925,17571300,25903.4,25905.0,150,2325,2025-11-19 09:19:30.725
19/11/2025,09:19:31.389,NIFTY25NOVFUT,9485826,25904.0,75,230925,17571300,25903.4,25905.0,150,2325,2025-11-19 09:19:31.389
19/11/2025,09:19:31.749,NIFTY25NOVFUT,9485826,25904.0,75,231375,17571300,25903.3,25904.0,150,1425,2025-11-19 09:19:31.749
19/11/2025,09:19:31.990,NIFTY25NOVFUT,9485826,25904.0,75,231375,17571300,25903.3,25904.0,150,1425,2025-11-19 09:19:31.990
19/11/2025,09:19:33.033,NIFTY25NOVFUT,9485826,25904.0,225,231375,17571300,25903.3,25904.0,150,1425,2025-11-19 09:19:33.033
19/11/2025,09:19:33.352,NIFTY25NOVFUT,9485826,25904.0,225,232500,17571300,25902.0,25903.5,75,75,2025-11-19 09:19:33.352
19/11/2025,09:19:33.890,NIFTY25NOVFUT,9485826,25904.0,150,232500,17571300,25902.0,25903.5,75,75,2025-11-19 09:19:33.890
19/11/2025,09:19:34.645,NIFTY25NOVFUT,9485826,25901.2,75,233550,17571300,25903.0,25904.0,225,600,2025-11-19 09:19:34.645
19/11/2025,09:19:34.971,NIFTY25NOVFUT,9485826,25901.2,75,233550,17571300,25903.0,25904.0,225,600,2025-11-19 09:19:34.971
19/11/2025,09:19:35.893,NIFTY25NOVFUT,9485826,25904.0,75,233550,17571300,25903.0,25904.0,225,600,2025-11-19 09:19:35.893
19/11/2025,09:19:36.102,NIFTY25NOVFUT,9485826,25905.0,75,233550,17571300,25903.0,25904.0,225,600,2025-11-19 09:19:36.102
19/11/2025,09:19:36.358,NIFTY25NOVFUT,9485826,25905.0,75,234750,17571300,25904.0,25905.0,225,4125,2025-11-19 09:19:36.358
19/11/2025,09:19:36.559,NIFTY25NOVFUT,9485826,25901.1,75,235125,17571300,25901.1,25905.0,300,4125,2025-11-19 09:19:36.559
19/11/2025,09:19:36.785,NIFTY25NOVFUT,9485826,25904.0,75,235125,17571300,25901.1,25905.0,300,4125,2025-11-19 09:19:36.785
19/11/2025,09:19:37.574,NIFTY25NOVFUT,9485826,25904.0,75,235200,17571300,25903.5,25905.0,75,4125,2025-11-19 09:19:37.574
19/11/2025,09:19:38.030,NIFTY25NOVFUT,9485826,25904.0,75,235200,17571300,25903.5,25905.0,75,4125,2025-11-19 09:19:38.030
19/11/2025,09:19:38.569,NIFTY25NOVFUT,9485826,25905.0,75,235200,17571300,25903.5,25905.0,75,4125,2025-11-19 09:19:38.569
19/11/2025,09:19:39.120,NIFTY25NOVFUT,9485826,25905.0,975,236400,17571300,25904.0,25905.0,75,3225,2025-11-19 09:19:39.120
19/11/2025,09:19:39.433,NIFTY25NOVFUT,9485826,25905.0,975,236400,17571300,25904.0,25905.0,75,3225,2025-11-19 09:19:39.433
19/11/2025,09:19:39.580,NIFTY25NOVFUT,9485826,25905.0,975,236400,17571300,25904.0,25905.0,75,3225,2025-11-19 09:19:39.580
19/11/2025,09:19:40.337,NIFTY25NOVFUT,9485826,25901.2,300,236400,17571300,25904.0,25905.0,75,3225,2025-11-19 09:19:40.337
19/11/2025,09:19:40.801,NIFTY25NOVFUT,9485826,25901.1,75,237600,17571300,25901.1,25904.0,75,300,2025-11-19 09:19:40.801
19/11/2025,09:19:41.052,NIFTY25NOVFUT,9485826,25904.0,75,237675,17571300,25901.1,25904.0,75,300,2025-11-19 09:19:41.052
19/11/2025,09:19:41.331,NIFTY25NOVFUT,9485826,25904.0,75,237675,17571300,25901.1,25904.0,75,300,2025-11-19 09:19:41.331
19/11/2025,09:19:42.548,NIFTY25NOVFUT,9485826,25904.0,75,237675,17571300,25903.1,25904.0,75,375,2025-11-19 09:19:42.548
19/11/2025,09:19:42.857,NIFTY25NOVFUT,9485826,25904.0,75,237675,17571300,25903.1,25904.0,75,375,2025-11-19 09:19:42.857
19/11/2025,09:19:43.316,NIFTY25NOVFUT,9485826,25902.1,150,237675,17571300,25903.1,25904.0,75,375,2025-11-19 09:19:43.316
19/11/2025,09:19:44.312,NIFTY25NOVFUT,9485826,25904.0,150,238800,17571300,25901.8,25904.0,225,225,2025-11-19 09:19:44.312
19/11/2025,09:19:44.719,NIFTY25NOVFUT,9485826,25904.0,150,238800,17571300,25901.8,25904.0,225,225,2025-11-19 09:19:44.719
19/11/2025,09:19:45.284,NIFTY25NOVFUT,9485826,25904.0,75,238800,17571300,25901.8,25904.0,225,225,2025-11-19 09:19:45.284
19/11/2025,09:19:45.778,NIFTY25NOVFUT,9485826,25904.0,75,238950,17571300,25901.8,25904.0,225,75,2025-11-19 09:19:45.778
19/11/2025,09:19:46.072,NIFTY25NOVFUT,9485826,25904.0,75,238950,17571300,25901.8,25903.9,225,525,2025-11-19 09:19:46.072
19/11/2025,09:19:46.528,NIFTY25NOVFUT,9485826,25901.0,375,238950,17571300,25901.8,25903.9,225,525,2025-11-19 09:19:46.528
19/11/2025,09:19:47.325,NIFTY25NOVFUT,9485826,25902.0,150,238950,17571300,25901.8,25903.9,225,525,2025-11-19 09:19:47.325
19/11/2025,09:19:47.564,NIFTY25NOVFUT,9485826,25901.9,75,240900,17571300,25900.1,25901.9,225,450,2025-11-19 09:19:47.564
19/11/2025,09:19:48.304,NIFTY25NOVFUT,9485826,25899.0,75,240900,17571300,25900.1,25901.9,225,450,2025-11-19 09:19:48.304
19/11/2025,09:19:49.324,NIFTY25NOVFUT,9485826,25899.7,75,254175,17571300,25895.0,25898.5,675,75,2025-11-19 09:19:49.324
19/11/2025,09:19:49.751,NIFTY25NOVFUT,9485826,25899.7,75,254175,17571300,25895.0,25898.5,675,75,2025-11-19 09:19:49.751
19/11/2025,09:19:50.292,NIFTY25NOVFUT,9485826,25898.5,75,254175,17571300,25895.0,25898.5,675,75,2025-11-19 09:19:50.292
19/11/2025,09:19:50.609,NIFTY25NOVFUT,9485826,25898.5,75,254175,17571300,25895.0,25898.5,675,75,2025-11-19 09:19:50.609
19/11/2025,09:19:50.892,NIFTY25NOVFUT,9485826,25898.5,75,254250,17571300,25895.8,25898.5,150,225,2025-11-19 09:19:50.892
19/11/2025,09:19:51.327,NIFTY25NOVFUT,9485826,25895.1,75,254475,17571300,25895.1,25898.5,75,225,2025-11-19 09:19:51.327
19/11/2025,09:19:52.334,NIFTY25NOVFUT,9485826,25898.5,75,254475,17571300,25895.1,25898.5,75,225,2025-11-19 09:19:52.334
19/11/2025,09:19:52.544,NIFTY25NOVFUT,9485826,25895.0,75,254925,17571300,25895.0,25898.5,450,75,2025-11-19 09:19:52.544
19/11/2025,09:19:53.307,NIFTY25NOVFUT,9485826,25895.0,75,254925,17571300,25895.0,25898.5,450,75,2025-11-19 09:19:53.307
19/11/2025,09:19:54.312,NIFTY25NOVFUT,9485826,25898.0,75,256125,17571300,25895.5,25898.0,150,825,2025-11-19 09:19:54.312
19/11/2025,09:19:55.573,NIFTY25NOVFUT,9485826,25898.0,150,256125,17571300,25895.5,25898.0,150,825,2025-11-19 09:19:55.573
19/11/2025,09:19:55.798,NIFTY25NOVFUT,9485826,25895.5,75,256350,17571300,25895.0,25897.9,300,75,2025-11-19 09:19:55.798
19/11/2025,09:19:56.077,NIFTY25NOVFUT,9485826,25897.9,75,256725,17571300,25894.0,25898.0,150,675,2025-11-19 09:19:56.077
19/11/2025,09:19:56.320,NIFTY25NOVFUT,9485826,25897.9,75,256725,17571300,25894.0,25898.0,150,675,2025-11-19 09:19:56.320
19/11/2025,09:19:56.833,NIFTY25NOVFUT,9485826,25893.0,75,256725,17571300,25894.0,25898.0,150,675,2025-11-19 09:19:56.833
19/11/2025,09:19:57.555,NIFTY25NOVFUT,9485826,25891.2,75,261000,17571300,25891.1,25894.3,150,825,2025-11-19 09:19:57.555
19/11/2025,09:19:57.798,NIFTY25NOVFUT,9485826,25891.2,75,261000,17571300,25891.1,25894.3,150,825,2025-11-19 09:19:57.798
19/11/2025,09:19:58.434,NIFTY25NOVFUT,9485826,25890.2,75,261000,17571300,25891.1,25894.3,150,825,2025-11-19 09:19:58.434
19/11/2025,09:19:59.314,NIFTY25NOVFUT,9485826,25891.2,525,262350,17571300,25890.2,25891.2,1350,375,2025-11-19 09:19:59.314
19/11/2025,09:19:59.560,NIFTY25NOVFUT,9485826,25894.0,75,262350,17571300,25890.2,25891.2,1350,375,2025-11-19 09:19:59.560
19/11/2025,09:20:00.307,NIFTY25NOVFUT,9485826,25890.9,75,262350,17571300,25890.2,25891.2,1350,375,2025-11-19 09:20:00.307
19/11/2025,09:20:00.827,NIFTY25NOVFUT,9485826,25894.3,75,269625,17571300,25892.0,25894.3,75,525,2025-11-19 09:20:00.827
19/11/2025,09:20:01.146,NIFTY25NOVFUT,9485826,25891.0,150,269850,17571300,25890.0,25894.3,2025,525,2025-11-19 09:20:01.146
19/11/2025,09:20:01.669,NIFTY25NOVFUT,9485826,25890.0,75,269850,17571300,25890.0,25894.3,2025,525,2025-11-19 09:20:01.669
19/11/2025,09:20:02.917,NIFTY25NOVFUT,9485826,25889.6,75,274650,17571300,25890.6,25894.3,75,525,2025-11-19 09:20:02.917
19/11/2025,09:20:03.311,NIFTY25NOVFUT,9485826,25892.0,75,274650,17571300,25890.6,25894.3,75,525,2025-11-19 09:20:03.311
19/11/2025,09:20:03.645,NIFTY25NOVFUT,9485826,25894.3,75,274650,17571300,25890.6,25894.3,75,525,2025-11-19 09:20:03.645
19/11/2025,09:20:04.410,NIFTY25NOVFUT,9485826,25889.6,75,276675,17571300,25889.7,25894.0,75,300,2025-11-19 09:20:04.410
19/11/2025,09:20:04.575,NIFTY25NOVFUT,9485826,25889.6,75,276675,17571300,25889.7,25894.0,75,300,2025-11-19 09:20:04.575
19/11/2025,09:20:05.603,NIFTY25NOVFUT,9485826,25888.8,375,276675,17571300,25889.7,25894.0,75,300,2025-11-19 09:20:05.603
19/11/2025,09:20:05.807,NIFTY25NOVFUT,9485826,25889.3,75,276675,17571300,25889.7,25894.0,75,300,2025-11-19 09:20:05.807
19/11/2025,09:20:06.033,NIFTY25NOVFUT,9485826,25889.3,75,289350,17571300,25889.8,25892.4,75,225,2025-11-19 09:20:06.033
19/11/2025,09:20:06.189,NIFTY25NOVFUT,9485826,25888.9,75,289500,17571300,25888.9,25891.2,75,150,2025-11-19 09:20:06.189
19/11/2025,09:20:06.642,NIFTY25NOVFUT,9485826,25890.1,75,289500,17571300,25888.9,25891.2,75,150,2025-11-19 09:20:06.642
19/11/2025,09:20:07.300,NIFTY25NOVFUT,9485826,25890.6,75,289500,17571300,25888.9,25891.2,75,150,2025-11-19 09:20:07.300
19/11/2025,09:20:07.643,NIFTY25NOVFUT,9485826,25890.1,150,290700,17571300,25890.0,25891.2,150,75,2025-11-19 09:20:07.643
19/11/2025,09:20:07.938,NIFTY25NOVFUT,9485826,25890.0,75,291300,17571300,25888.4,25894.0,75,150,2025-11-19 09:20:07.938
19/11/2025,09:20:08.354,NIFTY25NOVFUT,9485826,25888.5,75,291300,17571300,25888.4,25894.0,75,150,2025-11-19 09:20:08.354
19/11/2025,09:20:08.642,NIFTY25NOVFUT,9485826,25888.5,75,291300,17571300,25888.4,25894.0,75,150,2025-11-19 09:20:08.642
19/11/2025,09:20:09.342,NIFTY25NOVFUT,9485826,25888.9,75,291675,17571300,25888.8,25889.4,150,150,2025-11-19 09:20:09.342
19/11/2025,09:20:09.580,NIFTY25NOVFUT,9485826,25888.9,75,291675,17571300,25888.8,25889.4,150,150,2025-11-19 09:20:09.580
19/11/2025,09:20:10.273,NIFTY25NOVFUT,9485826,25888.0,75,291675,17571300,25888.8,25889.4,150,150,2025-11-19 09:20:10.273
19/11/2025,09:20:10.569,NIFTY25NOVFUT,9485826,25888.0,75,291675,17571300,25888.8,25889.4,150,150,2025-11-19 09:20:10.569
19/11/2025,09:20:10.845,NIFTY25NOVFUT,9485826,25888.1,75,292500,17571300,25888.0,25888.8,150,150,2025-11-19 09:20:10.845
19/11/2025,09:20:11.279,NIFTY25NOVFUT,9485826,25888.1,75,292500,17571300,25888.0,25888.8,150,150,2025-11-19 09:20:11.279
19/11/2025,09:20:11.665,NIFTY25NOVFUT,9485826,25888.1,75,292500,17571300,25888.0,25888.8,150,150,2025-11-19 09:20:11.665
19/11/2025,09:20:13.292,NIFTY25NOVFUT,9485826,25888.2,75,294525,17571300,25889.5,25890.0,75,825,2025-11-19 09:20:13.292
19/11/2025,09:20:13.782,NIFTY25NOVFUT,9485826,25890.4,75,294525,17571300,25889.5,25890.0,75,825,2025-11-19 09:20:13.782
19/11/2025,09:20:14.479,NIFTY25NOVFUT,9485826,25890.4,75,294525,17571300,25889.5,25890.0,75,825,2025-11-19 09:20:14.479
19/11/2025,09:20:14.961,NIFTY25NOVFUT,9485826,25890.0,75,295800,17571300,25889.9,25890.0,75,75,2025-11-19 09:20:14.961
19/11/2025,09:20:15.092,NIFTY25NOVFUT,9485826,25889.9,75,295800,17571300,25889.9,25890.0,75,75,2025-11-19 09:20:15.092
19/11/2025,09:20:15.878,NIFTY25NOVFUT,9485826,25894.0,75,295800,17571300,25889.9,25890.0,75,75,2025-11-19 09:20:15.878
19/11/2025,09:20:16.202,NIFTY25NOVFUT,9485826,25892.0,750,297000,17571300,25889.2,25889.9,150,300,2025-11-19 09:20:16.202
19/11/2025,09:20:16.690,NIFTY25NOVFUT,9485826,25889.9,75,297000,17571300,25889.2,25889.9,150,300,2025-11-19 09:20:16.690
19/11/2025,09:20:17.361,NIFTY25NOVFUT,9485826,25889.9,75,297000,17571300,25889.2,25889.9,150,300,2025-11-19 09:20:17.361
19/11/2025,09:20:17.537,NIFTY25NOVFUT,9485826,25888.6,75,298275,17571300,25888.8,25889.9,150,150,2025-11-19 09:20:17.537
19/11/2025,09:20:18.594,NIFTY25NOVFUT,9485826,25894.3,75,298275,17571300,25888.8,25889.9,150,150,2025-11-19 09:20:18.594
19/11/2025,09:20:18.790,NIFTY25NOVFUT,9485826,25894.3,75,298275,17571300,25888.8,25889.9,150,150,2025-11-19 09:20:18.790
19/11/2025,09:20:19.054,NIFTY25NOVFUT,9485826,25891.9,75,299550,17571300,25892.3,25894.3,225,300,2025-11-19 09:20:19.054
19/11/2025,09:20:19.323,NIFTY25NOVFUT,9485826,25892.2,75,299625,17571300,25892.1,25894.3,75,300,2025-11-19 09:20:19.323
19/11/2025,09:20:19.547,NIFTY25NOVFUT,9485826,25892.1,75,299625,17571300,25892.1,25894.3,75,300,2025-11-19 09:20:19.547
19/11/2025,09:20:20.658,NIFTY25NOVFUT,9485826,25894.3,75,300225,17571300,25891.8,25894.3,225,150,2025-11-19 09:20:20.658
19/11/2025,09:20:21.069,NIFTY25NOVFUT,9485826,25891.8,75,300300,17571300,25891.8,25894.3,150,150,2025-11-19 09:20:21.069
19/11/2025,09:20:21.339,NIFTY25NOVFUT,9485826,25894.3,750,300300,17571300,25891.8,25894.3,150,150,2025-11-19 09:20:21.339
19/11/2025,09:20:21.565,NIFTY25NOVFUT,9485826,25892.3,75,300300,17571300,25891.8,25894.3,150,150,2025-11-19 09:20:21.565
19/11/2025,09:20:22.661,NIFTY25NOVFUT,9485826,25889.9,150,302925,17571300,25889.9,25890.0,1275,750,2025-11-19 09:20:22.661
19/11/2025,09:20:23.228,NIFTY25NOVFUT,9485826,25889.9,150,302925,17571300,25889.9,25890.0,1275,750,2025-11-19 09:20:23.228
19/11/2025,09:20:23.938,NIFTY25NOVFUT,9485826,25890.0,75,302925,17571300,25889.9,25890.0,1275,750,2025-11-19 09:20:23.938
19/11/2025,09:20:24.732,NIFTY25NOVFUT,9485826,25889.9,300,304050,17571300,25889.9,25890.0,750,150,2025-11-19 09:20:24.732
19/11/2025,09:20:25.341,NIFTY25NOVFUT,9485826,25890.0,75,304050,17571300,25889.9,25890.0,750,150,2025-11-19 09:20:25.341
19/11/2025,09:20:25.788,NIFTY25NOVFUT,9485826,25893.1,75,304275,17571300,25890.0,25893.1,1350,225,2025-11-19 09:20:25.788
19/11/2025,09:20:26.028,NIFTY25NOVFUT,9485826,25893.1,75,304275,17571300,25890.0,25893.1,1350,225,2025-11-19 09:20:26.028
19/11/2025,09:20:26.561,NIFTY25NOVFUT,9485826,25893.1,75,304275,17571300,25890.0,25893.1,1350,225,2025-11-19 09:20:26.561
19/11/2025,09:20:27.293,NIFTY25NOVFUT,9485826,25890.0,225,304650,17571300,25890.0,25891.1,975,225,2025-11-19 09:20:27.293
19/11/2025,09:20:27.829,NIFTY25NOVFUT,9485826,25890.0,225,304650,17571300,25890.0,25891.1,975,225,2025-11-19 09:20:27.829
19/11/2025,09:20:28.552,NIFTY25NOVFUT,9485826,25891.1,75,304650,17571300,25890.0,25891.1,975,225,2025-11-19 09:20:28.552
19/11/2025,09:20:29.084,NIFTY25NOVFUT,9485826,25891.1,75,305325,17571300,25890.0,25891.1,975,150,2025-11-19 09:20:29.084
19/11/2025,09:20:29.347,NIFTY25NOVFUT,9485826,25890.0,150,305550,17571300,25890.0,25891.1,750,150,2025-11-19 09:20:29.347
19/11/2025,09:20:29.550,NIFTY25NOVFUT,9485826,25890.0,150,305550,17571300,25890.0,25891.1,750,150,2025-11-19 09:20:29.550
19/11/2025,09:20:30.070,NIFTY25NOVFUT,9485826,25890.0,150,305550,17571300,25890.0,25891.1,750,150,2025-11-19 09:20:30.070
19/11/2025,09:20:30.331,NIFTY25NOVFUT,9485826,25891.1,75,305550,17571300,25890.0,25891.1,750,150,2025-11-19 09:20:30.331
19/11/2025,09:20:30.801,NIFTY25NOVFUT,9485826,25894.0,75,306300,17571300,25890.0,25894.3,225,75,2025-11-19 09:20:30.801
19/11/2025,09:20:31.794,NIFTY25NOVFUT,9485826,25890.0,75,306300,17571300,25890.0,25894.3,225,75,2025-11-19 09:20:31.794
19/11/2025,09:20:32.523,NIFTY25NOVFUT,9485826,25889.6,75,308025,17571300,25888.1,25890.0,150,1500,2025-11-19 09:20:32.523
19/11/2025,09:20:33.031,NIFTY25NOVFUT,9485826,25890.0,1500,308025,17571300,25888.1,25890.0,150,1500,2025-11-19 09:20:33.031
19/11/2025,09:20:33.985,NIFTY25NOVFUT,9485826,25890.0,1500,308025,17571300,25888.1,25890.0,150,1500,2025-11-19 09:20:33.985
19/11/2025,09:20:34.362,NIFTY25NOVFUT,9485826,25894.3,75,309825,17571300,25894.3,25895.0,600,75,2025-11-19 09:20:34.362
19/11/2025,09:20:34.500,NIFTY25NOVFUT,9485826,25891.2,150,310575,17571300,25893.8,25895.0,75,75,2025-11-19 09:20:34.500
19/11/2025,09:20:36.214,NIFTY25NOVFUT,9485826,25899.0,75,311100,17571300,25893.8,25899.9,300,600,2025-11-19 09:20:36.214
19/11/2025,09:20:36.602,NIFTY25NOVFUT,9485826,25893.8,75,311250,17571300,25892.2,25899.7,75,675,2025-11-19 09:20:36.602
19/11/2025,09:20:36.842,NIFTY25NOVFUT,9485826,25891.1,75,311250,17571300,25892.2,25899.7,75,675,2025-11-19 09:20:36.842
19/11/2025,09:20:37.540,NIFTY25NOVFUT,9485826,25898.7,75,312375,17571300,25893.6,25899.0,300,150,2025-11-19 09:20:37.540
19/11/2025,09:20:37.790,NIFTY25NOVFUT,9485826,25898.7,75,312375,17571300,25893.6,25899.0,300,150,2025-11-19 09:20:37.790
19/11/2025,09:20:38.288,NIFTY25NOVFUT,9485826,25893.6,75,312375,17571300,25893.6,25899.0,300,150,2025-11-19 09:20:38.288
19/11/2025,09:20:39.042,NIFTY25NOVFUT,9485826,25893.6,75,312450,17571300,25894.7,25899.0,300,150,2025-11-19 09:20:39.042
19/11/2025,09:20:39.316,NIFTY25NOVFUT,9485826,25893.6,75,312450,17571300,25894.7,25899.0,300,150,2025-11-19 09:20:39.316
19/11/2025,09:20:39.839,NIFTY25NOVFUT,9485826,25899.0,75,312450,17571300,25894.7,25899.0,300,150,2025-11-19 09:20:39.839
19/11/2025,09:20:40.322,NIFTY25NOVFUT,9485826,25899.0,75,312450,17571300,25894.7,25899.0,300,150,2025-11-19 09:20:40.322
19/11/2025,09:20:40.815,NIFTY25NOVFUT,9485826,25899.0,75,312600,17571300,25895.8,25900.0,375,5250,2025-11-19 09:20:40.815
19/11/2025,09:20:41.062,NIFTY25NOVFUT,9485826,25899.0,75,312600,17571300,25895.8,25900.0,375,5250,2025-11-19 09:20:41.062
19/11/2025,09:20:41.352,NIFTY25NOVFUT,9485826,25895.8,75,312600,17571300,25895.8,25900.0,375,5250,2025-11-19 09:20:41.352
19/11/2025,09:20:42.627,NIFTY25NOVFUT,9485826,25899.0,75,312750,17571300,25899.0,25900.0,675,5250,2025-11-19 09:20:42.627
19/11/2025,09:20:42.810,NIFTY25NOVFUT,9485826,25899.0,75,312750,17571300,25899.0,25900.0,675,5250,2025-11-19 09:20:42.810
19/11/2025,09:20:43.466,NIFTY25NOVFUT,9485826,25899.0,375,312750,17571300,25899.0,25900.0,675,5250,2025-11-19 09:20:43.466
19/11/2025,09:20:43.578,NIFTY25NOVFUT,9485826,25899.0,375,312750,17571300,25899.0,25900.0,675,5250,2025-11-19 09:20:43.578
19/11/2025,09:20:44.326,NIFTY25NOVFUT,9485826,25901.2,75,318900,17571300,25900.0,25901.2,75,75,2025-11-19 09:20:44.326
19/11/2025,09:20:44.528,NIFTY25NOVFUT,9485826,25899.7,75,318900,17571300,25900.0,25901.2,75,75,2025-11-19 09:20:44.528
19/11/2025,09:20:45.337,NIFTY25NOVFUT,9485826,25899.7,75,318900,17571300,25900.0,25901.2,75,75,2025-11-19 09:20:45.337
19/11/2025,09:20:45.595,NIFTY25NOVFUT,9485826,25899.7,75,319125,17571300,25899.0,25901.2,1425,375,2025-11-19 09:20:45.595
19/11/2025,09:20:45.874,NIFTY25NOVFUT,9485826,25901.2,75,319200,17571300,25899.0,25901.2,1425,300,2025-11-19 09:20:45.874
19/11/2025,09:20:46.288,NIFTY25NOVFUT,9485826,25901.2,75,319200,17571300,25899.0,25901.2,1425,300,2025-11-19 09:20:46.288
19/11/2025,09:20:46.537,NIFTY25NOVFUT,9485826,25901.2,75,319200,17571300,25899.0,25901.2,1425,300,2025-11-19 09:20:46.537
19/11/2025,09:20:47.550,NIFTY25NOVFUT,9485826,25901.2,225,319575,17571300,25901.2,25902.0,525,150,2025-11-19 09:20:47.550
19/11/2025,09:20:48.567,NIFTY25NOVFUT,9485826,25902.0,75,319575,17571300,25901.2,25902.0,525,150,2025-11-19 09:20:48.567
19/11/2025,09:20:49.127,NIFTY25NOVFUT,9485826,25900.2,150,321675,17571300,25899.9,25903.0,525,150,2025-11-19 09:20:49.127
19/11/2025,09:20:49.344,NIFTY25NOVFUT,9485826,25899.9,75,321675,17571300,25899.9,25903.0,525,150,2025-11-19 09:20:49.344
19/11/2025,09:20:49.596,NIFTY25NOVFUT,9485826,25899.9,75,321825,17571300,25900.1,25903.0,150,150,2025-11-19 09:20:49.596
19/11/2025,09:20:50.329,NIFTY25NOVFUT,9485826,25903.0,75,321825,17571300,25900.1,25903.0,150,150,2025-11-19 09:20:50.329
19/11/2025,09:20:51.043,NIFTY25NOVFUT,9485826,25903.0,75,321900,17571300,25900.4,25903.0,150,75,2025-11-19 09:20:51.043
19/11/2025,09:20:51.313,NIFTY25NOVFUT,9485826,25903.0,75,321900,17571300,25900.4,25903.0,150,75,2025-11-19 09:20:51.313
19/11/2025,09:20:52.330,NIFTY25NOVFUT,9485826,25900.8,75,323100,17571300,25900.8,25905.0,300,2400,2025-11-19 09:20:52.330
19/11/2025,09:20:53.362,NIFTY25NOVFUT,9485826,25903.0,75,323100,17571300,25900.8,25905.0,300,2400,2025-11-19 09:20:53.362
19/11/2025,09:20:53.743,NIFTY25NOVFUT,9485826,25903.0,75,323100,17571300,25900.8,25905.0,300,2400,2025-11-19 09:20:53.743
19/11/2025,09:20:54.033,NIFTY25NOVFUT,9485826,25903.0,75,324225,17571300,25903.0,25905.0,525,1575,2025-11-19 09:20:54.033
19/11/2025,09:20:54.278,NIFTY25NOVFUT,9485826,25905.0,75,324300,17571300,25903.0,25905.0,525,1500,2025-11-19 09:20:54.278
19/11/2025,09:20:54.577,NIFTY25NOVFUT,9485826,25903.0,300,324300,17571300,25903.0,25905.0,525,1500,2025-11-19 09:20:54.577
19/11/2025,09:20:55.329,NIFTY25NOVFUT,9485826,25905.0,75,324300,17571300,25903.0,25905.0,525,1500,2025-11-19 09:20:55.329
19/11/2025,09:20:55.616,NIFTY25NOVFUT,9485826,25905.0,75,324300,17571300,25903.0,25905.0,525,1500,2025-11-19 09:20:55.616
19/11/2025,09:20:55.833,NIFTY25NOVFUT,9485826,25905.0,75,325800,17571300,25903.8,25905.0,150,1875,2025-11-19 09:20:55.833
19/11/2025,09:20:56.066,NIFTY25NOVFUT,9485826,25905.0,75,325800,17571300,25903.8,25905.0,150,1875,2025-11-19 09:20:56.066
19/11/2025,09:20:56.570,NIFTY25NOVFUT,9485826,25903.8,150,325800,17571300,25903.8,25905.0,150,1875,2025-11-19 09:20:56.570
19/11/2025,09:20:56.783,NIFTY25NOVFUT,9485826,25903.8,150,325800,17571300,25903.8,25905.0,150,1875,2025-11-19 09:20:56.783
19/11/2025,09:20:57.329,NIFTY25NOVFUT,9485826,25901.0,150,325800,17571300,25903.8,25905.0,150,1875,2025-11-19 09:20:57.329
19/11/2025,09:20:57.565,NIFTY25NOVFUT,9485826,25901.0,150,327375,17571300,25901.0,25905.0,300,1875,2025-11-19 09:20:57.565
19/11/2025,09:20:58.565,NIFTY25NOVFUT,9485826,25905.0,75,327375,17571300,25901.0,25905.0,300,1875,2025-11-19 09:20:58.565
19/11/2025,09:20:59.103,NIFTY25NOVFUT,9485826,25902.6,150,327975,17571300,25900.0,25902.9,1050,225,2025-11-19 09:20:59.103
19/11/2025,09:20:59.280,NIFTY25NOVFUT,9485826,25902.6,150,327975,17571300,25900.0,25902.9,1050,225,2025-11-19 09:20:59.280
19/11/2025,09:21:00.032,NIFTY25NOVFUT,9485826,25902.6,150,327975,17571300,25900.0,25902.9,1050,225,2025-11-19 09:21:00.032
19/11/2025,09:21:00.591,NIFTY25NOVFUT,9485826,25900.0,75,327975,17571300,25900.0,25902.9,1050,225,2025-11-19 09:21:00.591
19/11/2025,09:21:00.910,NIFTY25NOVFUT,9485826,25900.0,75,328050,17571300,25902.0,25902.7,75,75,2025-11-19 09:21:00.910
19/11/2025,09:21:01.731,NIFTY25NOVFUT,9485826,25902.0,75,328050,17571300,25902.0,25902.7,75,75,2025-11-19 09:21:01.731
19/11/2025,09:21:02.828,NIFTY25NOVFUT,9485826,25902.0,75,328125,17571300,25900.6,25900.9,150,300,2025-11-19 09:21:02.828
19/11/2025,09:21:04.001,NIFTY25NOVFUT,9485826,25908.0,75,328125,17571300,25900.6,25900.9,150,300,2025-11-19 09:21:04.001
19/11/2025,09:21:05.208,NIFTY25NOVFUT,9485826,25908.0,75,334350,17571300,25906.7,25908.0,525,1425,2025-11-19 09:21:05.208
19/11/2025,09:21:05.835,NIFTY25NOVFUT,9485826,25907.3,75,334500,17571300,25906.3,25908.0,75,1350,2025-11-19 09:21:05.835
19/11/2025,09:21:06.281,NIFTY25NOVFUT,9485826,25909.0,150,334500,17571300,25906.3,25908.0,75,1350,2025-11-19 09:21:06.281
19/11/2025,09:21:06.583,NIFTY25NOVFUT,9485826,25908.8,75,339225,17571300,25908.7,25909.0,75,1350,2025-11-19 09:21:06.583
19/11/2025,09:21:06.794,NIFTY25NOVFUT,9485826,25909.0,75,339225,17571300,25908.7,25909.0,75,1350,2025-11-19 09:21:06.794
19/11/2025,09:21:07.024,NIFTY25NOVFUT,9485826,25909.0,75,339225,17571300,25908.7,25909.0,75,1350,2025-11-19 09:21:07.024
19/11/2025,09:21:07.684,NIFTY25NOVFUT,9485826,25908.0,75,340350,17571300,25908.0,25909.0,450,1275,2025-11-19 09:21:07.684
19/11/2025,09:21:07.818,NIFTY25NOVFUT,9485826,25908.0,75,340350,17571300,25908.0,25909.0,450,1275,2025-11-19 09:21:07.818
19/11/2025,09:21:08.576,NIFTY25NOVFUT,9485826,25909.0,75,340350,17571300,25908.0,25909.0,450,1275,2025-11-19 09:21:08.576
19/11/2025,09:21:09.330,NIFTY25NOVFUT,9485826,25909.0,75,343650,17571300,25909.1,25910.0,75,150,2025-11-19 09:21:09.330
19/11/2025,09:21:10.549,NIFTY25NOVFUT,9485826,25910.0,75,343650,17571300,25909.1,25910.0,75,150,2025-11-19 09:21:10.549
19/11/2025,09:21:10.787,NIFTY25NOVFUT,9485826,25910.0,75,343875,17571300,25909.6,25910.0,75,75,2025-11-19 09:21:10.787
19/11/2025,09:21:11.043,NIFTY25NOVFUT,9485826,25909.4,75,344400,17571300,25909.4,25910.0,150,75,2025-11-19 09:21:11.043
19/11/2025,09:21:11.376,NIFTY25NOVFUT,9485826,25910.0,75,344400,17571300,25909.4,25910.0,150,75,2025-11-19 09:21:11.376
19/11/2025,09:21:12.320,NIFTY25NOVFUT,9485826,25912.0,300,344400,17571300,25909.4,25910.0,150,75,2025-11-19 09:21:12.320
19/11/2025,09:21:12.534,NIFTY25NOVFUT,9485826,25912.0,300,345075,17571300,25912.0,25912.6,150,75,2025-11-19 09:21:12.534
19/11/2025,09:21:12.801,NIFTY25NOVFUT,9485826,25912.0,300,345075,17571300,25912.0,25912.6,150,75,2025-11-19 09:21:12.801
19/11/2025,09:21:13.294,NIFTY25NOVFUT,9485826,25911.6,75,345075,17571300,25912.0,25912.6,150,75,2025-11-19 09:21:13.294
19/11/2025,09:21:13.578,NIFTY25NOVFUT,9485826,25911.6,75,345075,17571300,25912.0,25912.6,150,75,2025-11-19 09:21:13.578
19/11/2025,09:21:14.300,NIFTY25NOVFUT,9485826,25912.6,75,345450,17571300,25912.7,25914.4,225,75,2025-11-19 09:21:14.300
19/11/2025,09:21:14.598,NIFTY25NOVFUT,9485826,25912.6,75,345450,17571300,25912.7,25914.4,225,75,2025-11-19 09:21:14.598
19/11/2025,09:21:15.542,NIFTY25NOVFUT,9485826,25914.0,75,345450,17571300,25912.7,25914.4,225,75,2025-11-19 09:21:15.542
19/11/2025,09:21:15.787,NIFTY25NOVFUT,9485826,25914.5,75,345675,17571300,25912.7,25914.5,225,75,2025-11-19 09:21:15.787
19/11/2025,09:21:16.075,NIFTY25NOVFUT,9485826,25914.5,75,345675,17571300,25912.7,25914.2,225,75,2025-11-19 09:21:16.075
19/11/2025,09:21:16.293,NIFTY25NOVFUT,9485826,25912.4,150,345675,17571300,25912.7,25914.2,225,75,2025-11-19 09:21:16.293
19/11/2025,09:21:17.320,NIFTY25NOVFUT,9485826,25913.5,75,345675,17571300,25912.7,25914.2,225,75,2025-11-19 09:21:17.320
19/11/2025,09:21:17.539,NIFTY25NOVFUT,9485826,25913.6,75,346500,17571300,25910.1,25913.4,150,75,2025-11-19 09:21:17.539
19/11/2025,09:21:18.326,NIFTY25NOVFUT,9485826,25911.2,75,346500,17571300,25910.1,25913.4,150,75,2025-11-19 09:21:18.326
19/11/2025,09:21:19.284,NIFTY25NOVFUT,9485826,25912.0,75,348000,17571300,25910.0,25912.0,900,525,2025-11-19 09:21:19.284
19/11/2025,09:21:20.330,NIFTY25NOVFUT,9485826,25911.1,150,348000,17571300,25910.0,25912.0,900,525,2025-11-19 09:21:20.330
19/11/2025,09:21:20.787,NIFTY25NOVFUT,9485826,25911.1,150,348750,17571300,25910.0,25911.4,525,75,2025-11-19 09:21:20.787
19/11/2025,09:21:21.507,NIFTY25NOVFUT,9485826,25911.4,225,348750,17571300,25910.0,25911.4,525,75,2025-11-19 09:21:21.507
19/11/2025,09:21:21.787,NIFTY25NOVFUT,9485826,25910.0,75,348750,17571300,25910.0,25911.4,525,75,2025-11-19 09:21:21.787
19/11/2025,09:21:22.786,NIFTY25NOVFUT,9485826,25910.8,75,351375,17571300,25906.2,25910.5,300,600,2025-11-19 09:21:22.786
19/11/2025,09:21:23.632,NIFTY25NOVFUT,9485826,25910.8,75,351375,17571300,25906.2,25910.5,300,600,2025-11-19 09:21:23.632
19/11/2025,09:21:24.029,NIFTY25NOVFUT,9485826,25910.3,75,351375,17571300,25906.2,25910.5,300,600,2025-11-19 09:21:24.029
19/11/2025,09:21:24.292,NIFTY25NOVFUT,9485826,25910.5,75,351600,17571300,25906.2,25910.5,300,225,2025-11-19 09:21:24.292
19/11/2025,09:21:25.317,NIFTY25NOVFUT,9485826,25910.3,150,351600,17571300,25906.2,25910.5,300,225,2025-11-19 09:21:25.317
19/11/2025,09:21:25.573,NIFTY25NOVFUT,9485826,25910.3,150,351600,17571300,25906.2,25910.5,300,225,2025-11-19 09:21:25.573
19/11/2025,09:21:25.780,NIFTY25NOVFUT,9485826,25909.0,75,352125,17571300,25908.9,25910.5,150,225,2025-11-19 09:21:25.780
19/11/2025,09:21:26.291,NIFTY25NOVFUT,9485826,25908.7,75,352125,17571300,25908.9,25910.5,150,225,2025-11-19 09:21:26.291
19/11/2025,09:21:27.574,NIFTY25NOVFUT,9485826,25908.7,75,352200,17571300,25906.9,25910.0,150,75,2025-11-19 09:21:27.574
19/11/2025,09:21:28.100,NIFTY25NOVFUT,9485826,25910.0,75,352200,17571300,25906.9,25910.0,150,75,2025-11-19 09:21:28.100
19/11/2025,09:21:28.808,NIFTY25NOVFUT,9485826,25910.5,150,353175,17571300,25910.5,25911.1,375,75,2025-11-19 09:21:28.808
19/11/2025,09:21:29.323,NIFTY25NOVFUT,9485826,25905.0,75,353625,17571300,25908.6,25910.0,150,825,2025-11-19 09:21:29.323
19/11/2025,09:21:30.038,NIFTY25NOVFUT,9485826,25905.0,75,353625,17571300,25908.6,25910.0,150,825,2025-11-19 09:21:30.038
19/11/2025,09:21:30.538,NIFTY25NOVFUT,9485826,25903.8,75,356550,17571300,25903.2,25909.1,150,1050,2025-11-19 09:21:30.538
19/11/2025,09:21:30.824,NIFTY25NOVFUT,9485826,25908.9,300,356850,17571300,25903.2,25908.8,150,450,2025-11-19 09:21:30.824
19/11/2025,09:21:31.275,NIFTY25NOVFUT,9485826,25908.9,300,356850,17571300,25903.2,25908.8,150,450,2025-11-19 09:21:31.275
19/11/2025,09:21:35.759,NIFTY25NOVFUT,9485826,25907.4,75,356850,17571300,25903.2,25908.8,150,450,2025-11-19 09:21:35.759
19/11/2025,09:21:36.205,NIFTY25NOVFUT,9485826,25907.4,75,356925,17571300,25907.3,25910.0,150,150,2025-11-19 09:21:36.205
19/11/2025,09:21:37.587,NIFTY25NOVFUT,9485826,25907.4,75,357075,17571300,25907.3,25910.0,150,150,2025-11-19 09:21:37.587
19/11/2025,09:21:37.784,NIFTY25NOVFUT,9485826,25907.4,75,357075,17571300,25907.3,25910.0,150,150,2025-11-19 09:21:37.784
19/11/2025,09:21:38.136,NIFTY25NOVFUT,9485826,25910.0,75,357075,17571300,25907.3,25910.0,150,150,2025-11-19 09:21:38.136
19/11/2025,09:21:38.712,NIFTY25NOVFUT,9485826,25910.0,75,357225,17571300,25910.0,25912.0,75,75,2025-11-19 09:21:38.712
19/11/2025,09:21:39.273,NIFTY25NOVFUT,9485826,25910.0,150,357225,17571300,25910.0,25912.0,75,75,2025-11-19 09:21:39.273
19/11/2025,09:21:39.937,NIFTY25NOVFUT,9485826,25910.0,150,357450,17571300,25910.0,25912.0,975,75,2025-11-19 09:21:39.937
19/11/2025,09:21:40.932,NIFTY25NOVFUT,9485826,25904.9,375,357450,17571300,25910.0,25912.0,975,75,2025-11-19 09:21:40.932
19/11/2025,09:21:41.094,NIFTY25NOVFUT,9485826,25904.9,375,359250,17571300,25904.4,25911.3,75,600,2025-11-19 09:21:41.094
19/11/2025,09:21:41.223,NIFTY25NOVFUT,9485826,25904.9,375,359250,17571300,25904.4,25911.4,450,75,2025-11-19 09:21:41.223
19/11/2025,09:21:41.444,NIFTY25NOVFUT,9485826,25903.7,75,359250,17571300,25904.4,25911.4,450,75,2025-11-19 09:21:41.444
19/11/2025,09:21:42.132,NIFTY25NOVFUT,9485826,25910.0,75,359250,17571300,25904.4,25911.4,450,75,2025-11-19 09:21:42.132
19/11/2025,09:21:42.170,NIFTY25NOVFUT,9485826,25910.0,75,359550,17571300,25910.0,25911.4,75,300,2025-11-19 09:21:42.170
19/11/2025,09:21:42.342,NIFTY25NOVFUT,9485826,25910.0,75,359550,17571300,25910.0,25911.4,75,300,2025-11-19 09:21:42.342
19/11/2025,09:21:42.767,NIFTY25NOVFUT,9485826,25910.0,75,359550,17571300,25910.0,25911.4,75,300,2025-11-19 09:21:42.767
19/11/2025,09:21:43.499,NIFTY25NOVFUT,9485826,25905.0,75,360150,17571300,25905.0,25911.3,375,150,2025-11-19 09:21:43.499
19/11/2025,09:21:43.571,NIFTY25NOVFUT,9485826,25905.0,75,360150,17571300,25905.0,25911.3,375,150,2025-11-19 09:21:43.571
19/11/2025,09:21:44.347,NIFTY25NOVFUT,9485826,25911.0,75,360150,17571300,25905.0,25911.3,375,150,2025-11-19 09:21:44.347
19/11/2025,09:21:44.523,NIFTY25NOVFUT,9485826,25911.3,75,360525,17571300,25907.7,25911.3,300,75,2025-11-19 09:21:44.523
19/11/2025,09:21:44.780,NIFTY25NOVFUT,9485826,25907.8,75,360525,17571300,25907.7,25911.3,300,75,2025-11-19 09:21:44.780
19/11/2025,09:21:45.405,NIFTY25NOVFUT,9485826,25910.0,75,360525,17571300,25907.7,25911.3,300,75,2025-11-19 09:21:45.405
19/11/2025,09:21:45.612,NIFTY25NOVFUT,9485826,25910.0,75,360675,17571300,25906.9,25910.0,225,2250,2025-11-19 09:21:45.612
19/11/2025,09:21:46.294,NIFTY25NOVFUT,9485826,25907.1,75,360675,17571300,25906.9,25910.0,225,2250,2025-11-19 09:21:46.294
19/11/2025,09:21:47.317,NIFTY25NOVFUT,9485826,25907.1,75,361500,17571300,25905.5,25907.1,150,450,2025-11-19 09:21:47.317
19/11/2025,09:21:48.563,NIFTY25NOVFUT,9485826,25907.1,75,361500,17571300,25905.5,25907.1,150,450,2025-11-19 09:21:48.563
19/11/2025,09:21:48.806,NIFTY25NOVFUT,9485826,25907.1,75,361875,17571300,25906.3,25907.1,75,300,2025-11-19 09:21:48.806
19/11/2025,09:21:49.291,NIFTY25NOVFUT,9485826,25907.1,225,362100,17571300,25907.0,25907.1,75,75,2025-11-19 09:21:49.291
19/11/2025,09:21:49.554,NIFTY25NOVFUT,9485826,25907.1,225,362100,17571300,25907.0,25907.1,75,75,2025-11-19 09:21:49.554
19/11/2025,09:21:50.328,NIFTY25NOVFUT,9485826,25903.5,75,362100,17571300,25907.0,25907.1,75,75,2025-11-19 09:21:50.328
19/11/2025,09:21:50.646,NIFTY25NOVFUT,9485826,25903.5,75,362775,17571300,25903.4,25903.8,150,900,2025-11-19 09:21:50.646
19/11/2025,09:21:50.840,NIFTY25NOVFUT,9485826,25903.5,75,362775,17571300,25903.4,25903.8,150,900,2025-11-19 09:21:50.840
19/11/2025,09:21:51.333,NIFTY25NOVFUT,9485826,25903.5,75,362775,17571300,25903.4,25903.8,150,900,2025-11-19 09:21:51.333
19/11/2025,09:21:51.594,NIFTY25NOVFUT,9485826,25903.8,150,362775,17571300,25903.4,25903.8,150,900,2025-11-19 09:21:51.594
19/11/2025,09:21:52.330,NIFTY25NOVFUT,9485826,25903.7,75,363000,17571300,25903.1,25903.8,300,750,2025-11-19 09:21:52.330
19/11/2025,09:21:52.555,NIFTY25NOVFUT,9485826,25903.7,75,363000,17571300,25903.1,25903.8,300,750,2025-11-19 09:21:52.555
19/11/2025,09:21:53.570,NIFTY25NOVFUT,9485826,25903.0,75,363000,17571300,25903.1,25903.8,300,750,2025-11-19 09:21:53.570
19/11/2025,09:21:54.052,NIFTY25NOVFUT,9485826,25903.8,150,364200,17571300,25905.1,25907.1,225,75,2025-11-19 09:21:54.052
19/11/2025,09:21:54.376,NIFTY25NOVFUT,9485826,25903.8,150,364200,17571300,25905.1,25907.1,225,75,2025-11-19 09:21:54.376
19/11/2025,09:21:54.666,NIFTY25NOVFUT,9485826,25903.8,150,364200,17571300,25905.1,25907.1,225,75,2025-11-19 09:21:54.666
19/11/2025,09:21:55.548,NIFTY25NOVFUT,9485826,25905.7,75,364425,17571300,25905.7,25909.0,75,150,2025-11-19 09:21:55.548
19/11/2025,09:21:55.844,NIFTY25NOVFUT,9485826,25905.7,75,364425,17571300,25905.7,25909.0,75,150,2025-11-19 09:21:55.844
19/11/2025,09:21:56.544,NIFTY25NOVFUT,9485826,25905.6,75,364425,17571300,25905.7,25909.0,75,150,2025-11-19 09:21:56.544
19/11/2025,09:21:57.337,NIFTY25NOVFUT,9485826,25905.6,75,364725,17571300,25905.1,25907.1,225,75,2025-11-19 09:21:57.337
19/11/2025,09:21:57.518,NIFTY25NOVFUT,9485826,25905.6,75,364725,17571300,25905.1,25907.1,225,75,2025-11-19 09:21:57.518
19/11/2025,09:21:58.496,NIFTY25NOVFUT,9485826,25905.0,300,364725,17571300,25905.1,25907.1,225,75,2025-11-19 09:21:58.496
19/11/2025,09:21:58.626,NIFTY25NOVFUT,9485826,25905.0,300,364725,17571300,25905.1,25907.1,225,75,2025-11-19 09:21:58.626
19/11/2025,09:21:58.840,NIFTY25NOVFUT,9485826,25905.0,300,365250,17571300,25905.0,25907.1,2400,75,2025-11-19 09:21:58.840
19/11/2025,09:21:59.359,NIFTY25NOVFUT,9485826,25910.0,375,368250,17571300,25905.3,25909.7,225,375,2025-11-19 09:21:59.359
19/11/2025,09:21:59.846,NIFTY25NOVFUT,9485826,25910.0,375,368250,17571300,25905.3,25909.7,225,375,2025-11-19 09:21:59.846
19/11/2025,09:22:00.497,NIFTY25NOVFUT,9485826,25909.6,75,368250,17571300,25905.3,25909.7,225,375,2025-11-19 09:22:00.497
19/11/2025,09:22:00.750,NIFTY25NOVFUT,9485826,25909.6,75,368325,17571300,25905.8,25909.9,225,75,2025-11-19 09:22:00.750
19/11/2025,09:22:01.868,NIFTY25NOVFUT,9485826,25906.3,75,368325,17571300,25905.8,25909.9,225,75,2025-11-19 09:22:01.868
19/11/2025,09:22:02.583,NIFTY25NOVFUT,9485826,25906.3,75,368550,17571300,25906.3,25909.9,150,225,2025-11-19 09:22:02.583
19/11/2025,09:22:02.845,NIFTY25NOVFUT,9485826,25909.9,75,368550,17571300,25906.3,25909.9,150,225,2025-11-19 09:22:02.845
19/11/2025,09:22:03.350,NIFTY25NOVFUT,9485826,25906.2,300,368550,17571300,25906.3,25909.9,150,225,2025-11-19 09:22:03.350
19/11/2025,09:22:03.834,NIFTY25NOVFUT,9485826,25909.9,75,369150,17571300,25906.0,25909.9,75,75,2025-11-19 09:22:03.834
19/11/2025,09:22:04.656,NIFTY25NOVFUT,9485826,25909.9,75,369150,17571300,25906.0,25909.9,75,75,2025-11-19 09:22:04.656
19/11/2025,09:22:05.575,NIFTY25NOVFUT,9485826,25909.6,75,369300,17593275,25909.0,25910.0,75,675,2025-11-19 09:22:05.575
19/11/2025,09:22:06.558,NIFTY25NOVFUT,9485826,25906.3,75,369300,17593275,25909.0,25910.0,75,675,2025-11-19 09:22:06.558
19/11/2025,09:22:07.287,NIFTY25NOVFUT,9485826,25906.2,75,369600,17593275,25906.1,25906.3,300,450,2025-11-19 09:22:07.287
19/11/2025,09:22:08.344,NIFTY25NOVFUT,9485826,25906.1,75,369600,17593275,25906.1,25906.3,300,450,2025-11-19 09:22:08.344
19/11/2025,09:22:08.596,NIFTY25NOVFUT,9485826,25906.3,75,369750,17593275,25906.2,25906.3,75,525,2025-11-19 09:22:08.596
19/11/2025,09:22:09.287,NIFTY25NOVFUT,9485826,25906.3,75,369750,17593275,25906.2,25906.3,75,525,2025-11-19 09:22:09.287
19/11/2025,09:22:10.310,NIFTY25NOVFUT,9485826,25906.2,75,370050,17593275,25906.2,25906.3,225,300,2025-11-19 09:22:10.310
19/11/2025,09:22:11.571,NIFTY25NOVFUT,9485826,25910.0,75,370050,17593275,25906.2,25906.3,225,300,2025-11-19 09:22:11.571
19/11/2025,09:22:12.351,NIFTY25NOVFUT,9485826,25910.0,75,371850,17593275,25906.0,25910.0,150,450,2025-11-19 09:22:12.351
19/11/2025,09:22:13.065,NIFTY25NOVFUT,9485826,25910.0,75,371850,17593275,25906.0,25910.0,150,450,2025-11-19 09:22:13.065
19/11/2025,09:22:13.299,NIFTY25NOVFUT,9485826,25906.7,75,371850,17593275,25906.0,25910.0,150,450,2025-11-19 09:22:13.299
19/11/2025,09:22:14.157,NIFTY25NOVFUT,9485826,25910.0,75,372075,17593275,25906.7,25910.0,225,375,2025-11-19 09:22:14.157
19/11/2025,09:22:15.340,NIFTY25NOVFUT,9485826,25909.6,75,372300,17593275,25909.5,25910.0,225,975,2025-11-19 09:22:15.340
19/11/2025,09:22:15.716,NIFTY25NOVFUT,9485826,25909.5,150,372525,17593275,25907.7,25910.0,225,975,2025-11-19 09:22:15.716
19/11/2025,09:22:16.349,NIFTY25NOVFUT,9485826,25910.0,75,372525,17593275,25907.7,25910.0,225,975,2025-11-19 09:22:16.349
19/11/2025,09:22:17.312,NIFTY25NOVFUT,9485826,25911.1,150,373575,17593275,25910.7,25911.1,225,150,2025-11-19 09:22:17.312
19/11/2025,09:22:17.589,NIFTY25NOVFUT,9485826,25911.1,150,373575,17593275,25910.7,25911.1,225,150,2025-11-19 09:22:17.589
19/11/2025,09:22:18.306,NIFTY25NOVFUT,9485826,25911.8,75,373575,17593275,25910.7,25911.1,225,150,2025-11-19 09:22:18.306
19/11/2025,09:22:18.910,NIFTY25NOVFUT,9485826,25911.8,75,374100,17593275,25912.2,25912.8,225,150,2025-11-19 09:22:18.910
19/11/2025,09:22:19.618,NIFTY25NOVFUT,9485826,25912.8,75,374100,17593275,25912.2,25912.8,225,150,2025-11-19 09:22:19.618
19/11/2025,09:22:20.336,NIFTY25NOVFUT,9485826,25915.7,75,375075,17593275,25915.7,25917.1,150,75,2025-11-19 09:22:20.336
19/11/2025,09:22:20.564,NIFTY25NOVFUT,9485826,25915.7,75,375075,17593275,25915.7,25917.1,150,75,2025-11-19 09:22:20.564
19/11/2025,09:22:21.563,NIFTY25NOVFUT,9485826,25917.1,75,375075,17593275,25915.7,25917.1,150,75,2025-11-19 09:22:21.563
19/11/2025,09:22:22.520,NIFTY25NOVFUT,9485826,25917.9,75,375450,17593275,25915.6,25917.9,225,75,2025-11-19 09:22:22.520
19/11/2025,09:22:22.904,NIFTY25NOVFUT,9485826,25917.9,75,375450,17593275,25915.6,25917.9,225,75,2025-11-19 09:22:22.904
19/11/2025,09:22:23.650,NIFTY25NOVFUT,9485826,25915.7,75,375450,17593275,25915.6,25917.9,225,75,2025-11-19 09:22:23.650
19/11/2025,09:22:23.962,NIFTY25NOVFUT,9485826,25915.7,75,375675,17593275,25915.7,25917.1,225,75,2025-11-19 09:22:23.962
19/11/2025,09:22:24.301,NIFTY25NOVFUT,9485826,25915.7,75,375675,17593275,25915.7,25917.1,225,75,2025-11-19 09:22:24.301
19/11/2025,09:22:24.596,NIFTY25NOVFUT,9485826,25915.7,75,375675,17593275,25915.7,25917.1,225,75,2025-11-19 09:22:24.596
19/11/2025,09:22:25.361,NIFTY25NOVFUT,9485826,25915.6,75,376200,17593275,25912.9,25915.7,150,75,2025-11-19 09:22:25.361
19/11/2025,09:22:25.530,NIFTY25NOVFUT,9485826,25915.6,75,376200,17593275,25912.9,25915.0,225,75,2025-11-19 09:22:25.530
19/11/2025,09:22:26.531,NIFTY25NOVFUT,9485826,25914.2,75,376200,17593275,25912.9,25915.0,225,75,2025-11-19 09:22:26.531
19/11/2025,09:22:26.881,NIFTY25NOVFUT,9485826,25914.2,75,376275,17593275,25914.1,25915.0,75,225,2025-11-19 09:22:26.881
19/11/2025,09:22:27.282,NIFTY25NOVFUT,9485826,25915.0,75,376425,17593275,25912.9,25915.0,225,75,2025-11-19 09:22:27.282
19/11/2025,09:22:27.558,NIFTY25NOVFUT,9485826,25912.9,75,376425,17593275,25912.9,25915.0,225,75,2025-11-19 09:22:27.558
19/11/2025,09:22:28.610,NIFTY25NOVFUT,9485826,25914.1,150,377925,17593275,25914.2,25917.9,150,75,2025-11-19 09:22:28.610
19/11/2025,09:22:29.564,NIFTY25NOVFUT,9485826,25918.0,75,377925,17593275,25914.2,25917.9,150,75,2025-11-19 09:22:29.564
19/11/2025,09:22:29.827,NIFTY25NOVFUT,9485826,25918.0,75,377925,17593275,25914.2,25917.9,150,75,2025-11-19 09:22:29.827
19/11/2025,09:22:30.322,NIFTY25NOVFUT,9485826,25918.0,75,378225,17593275,25914.0,25915.6,150,75,2025-11-19 09:22:30.322
19/11/2025,09:22:30.814,NIFTY25NOVFUT,9485826,25918.0,75,378225,17593275,25914.0,25915.6,150,75,2025-11-19 09:22:30.814
19/11/2025,09:22:32.116,NIFTY25NOVFUT,9485826,25918.0,75,378225,17593275,25914.0,25915.6,150,75,2025-11-19 09:22:32.116
19/11/2025,09:22:32.336,NIFTY25NOVFUT,9485826,25918.0,75,378225,17593275,25914.0,25915.6,150,75,2025-11-19 09:22:32.336
19/11/2025,09:22:33.053,NIFTY25NOVFUT,9485826,25915.0,150,378225,17593275,25914.0,25915.6,150,75,2025-11-19 09:22:33.053
19/11/2025,09:22:33.362,NIFTY25NOVFUT,9485826,25915.6,75,378225,17593275,25914.0,25915.6,150,75,2025-11-19 09:22:33.362
19/11/2025,09:22:33.631,NIFTY25NOVFUT,9485826,25915.6,75,378600,17593275,25915.5,25918.0,300,450,2025-11-19 09:22:33.631
19/11/2025,09:22:34.901,NIFTY25NOVFUT,9485826,25918.0,75,378600,17593275,25915.5,25918.0,300,450,2025-11-19 09:22:34.901
19/11/2025,09:22:35.150,NIFTY25NOVFUT,9485826,25918.0,300,378975,17593275,25916.2,25918.0,225,75,2025-11-19 09:22:35.150
19/11/2025,09:22:35.360,NIFTY25NOVFUT,9485826,25918.0,300,378975,17593275,25916.0,25917.0,225,150,2025-11-19 09:22:35.360
19/11/2025,09:22:36.608,NIFTY25NOVFUT,9485826,25916.0,225,378975,17593275,25916.0,25917.0,225,150,2025-11-19 09:22:36.608
19/11/2025,09:22:36.848,NIFTY25NOVFUT,9485826,25918.0,75,379500,17593275,25917.2,25919.0,225,75,2025-11-19 09:22:36.848
19/11/2025,09:22:37.125,NIFTY25NOVFUT,9485826,25918.0,75,379500,17593275,25917.2,25919.0,225,75,2025-11-19 09:22:37.125
19/11/2025,09:22:37.552,NIFTY25NOVFUT,9485826,25918.3,75,379500,17593275,25917.2,25919.0,225,75,2025-11-19 09:22:37.552
19/11/2025,09:22:38.577,NIFTY25NOVFUT,9485826,25920.0,75,379500,17593275,25917.2,25919.0,225,75,2025-11-19 09:22:38.577
19/11/2025,09:22:38.814,NIFTY25NOVFUT,9485826,25920.0,75,379950,17593275,25918.5,25920.0,225,1050,2025-11-19 09:22:38.814
19/11/2025,09:22:40.363,NIFTY25NOVFUT,9485826,25920.0,75,380025,17593275,25918.5,25920.0,225,1200,2025-11-19 09:22:40.363
19/11/2025,09:22:40.638,NIFTY25NOVFUT,9485826,25918.5,75,380100,17593275,25918.5,25920.0,150,1200,2025-11-19 09:22:40.638
19/11/2025,09:22:40.795,NIFTY25NOVFUT,9485826,25918.5,75,380100,17593275,25918.5,25920.0,150,1200,2025-11-19 09:22:40.795
19/11/2025,09:22:41.367,NIFTY25NOVFUT,9485826,25918.5,75,380100,17593275,25918.5,25920.0,150,1200,2025-11-19 09:22:41.367
19/11/2025,09:22:42.037,NIFTY25NOVFUT,9485826,25918.5,75,380250,17593275,25918.2,25919.9,225,225,2025-11-19 09:22:42.037
19/11/2025,09:22:42.292,NIFTY25NOVFUT,9485826,25920.0,75,380250,17593275,25918.2,25919.9,225,225,2025-11-19 09:22:42.292
19/11/2025,09:22:43.567,NIFTY25NOVFUT,9485826,25920.0,75,381375,17593275,25918.2,25920.0,225,300,2025-11-19 09:22:43.567
19/11/2025,09:22:44.069,NIFTY25NOVFUT,9485826,25921.0,75,381375,17593275,25918.2,25920.0,225,300,2025-11-19 09:22:44.069
19/11/2025,09:22:44.731,NIFTY25NOVFUT,9485826,25920.1,1500,381375,17593275,25918.2,25920.0,225,300,2025-11-19 09:22:44.731
19/11/2025,09:22:45.330,NIFTY25NOVFUT,9485826,25920.1,1500,383475,17593275,25918.1,25920.0,225,225,2025-11-19 09:22:45.330
19/11/2025,09:22:45.813,NIFTY25NOVFUT,9485826,25918.0,825,383475,17593275,25918.1,25920.0,225,225,2025-11-19 09:22:45.813
19/11/2025,09:22:46.823,NIFTY25NOVFUT,9485826,25920.0,75,384750,17593275,25918.0,25920.0,2175,75,2025-11-19 09:22:46.823
19/11/2025,09:22:47.295,NIFTY25NOVFUT,9485826,25922.0,75,385200,17593275,25918.1,25921.7,150,150,2025-11-19 09:22:47.295
19/11/2025,09:22:47.531,NIFTY25NOVFUT,9485826,25922.0,75,385200,17593275,25918.1,25921.7,150,150,2025-11-19 09:22:47.531
19/11/2025,09:22:48.320,NIFTY25NOVFUT,9485826,25920.0,75,385200,17593275,25918.1,25921.7,150,150,2025-11-19 09:22:48.320
19/11/2025,09:22:48.568,NIFTY25NOVFUT,9485826,25920.0,75,385275,17593275,25918.0,25920.3,2175,75,2025-11-19 09:22:48.568
19/11/2025,09:22:48.832,NIFTY25NOVFUT,9485826,25920.0,75,385275,17593275,25918.0,25920.1,2175,375,2025-11-19 09:22:48.832
19/11/2025,09:22:49.576,NIFTY25NOVFUT,9485826,25920.0,675,385275,17593275,25918.0,25920.1,2175,375,2025-11-19 09:22:49.576
